trade_id,side,size,price,time
11179059,buy,1498.78000000,1.00080000,2025-10-04T00:24:16.047509Z
11179058,sell,50.63000000,1.00090000,2025-10-04T00:22:51.691925Z
11179057,sell,9.33000000,1.00080000,2025-10-04T00:22:51.691925Z
11179059,buy,1498.78000000,1.00080000,2025-10-04T00:24:16.047509Z
11179058,sell,50.63000000,1.00090000,2025-10-04T00:22:51.691925Z
11179057,sell,9.33000000,1.00080000,2025-10-04T00:22:51.691925Z
11179056,buy,999.16000000,1.00070000,2025-10-03T23:49:32.107787Z
11179055,sell,223.85000000,1.00080000,2025-10-03T23:38:01.298515Z
11179054,buy,2.64000000,1.00070000,2025-10-03T23:27:29.207019Z
11179053,buy,1070.41000000,1.00070000,2025-10-03T23:26:23.525334Z
11179052,buy,16647.87000000,1.00070000,2025-10-03T23:23:54.877533Z
11179051,buy,1498.73000000,1.00080000,2025-10-03T23:20:26.486619Z
11179050,buy,25.68000000,1.00080000,2025-10-03T23:19:54.219048Z
11179049,sell,1.98000000,1.00080000,2025-10-03T23:19:42.295820Z
11179048,sell,10.39000000,1.00080000,2025-10-03T23:19:42.295820Z
11179047,buy,4496.16000000,1.00070000,2025-10-03T23:12:00.596675Z
11179046,buy,499.84000000,1.00070000,2025-10-03T23:12:00.596675Z
11179045,buy,850.00000000,1.00070000,2025-10-03T23:10:23.763309Z
11179044,buy,14204.84000000,1.00070000,2025-10-03T23:10:23.763309Z
11179043,buy,12342.47000000,1.00070000,2025-10-03T23:09:59.642380Z
11179042,buy,100.91000000,1.00080000,2025-10-03T23:09:50.527883Z
11179041,buy,10.39000000,1.00080000,2025-10-03T23:08:53.617284Z
11179040,buy,970.80000000,1.00080000,2025-10-03T23:08:42.729090Z
11179039,sell,527.98000000,1.00080000,2025-10-03T23:06:52.164134Z
11179038,sell,1236.82000000,1.00090000,2025-10-03T23:05:50.523383Z
11179037,buy,897.95000000,1.00080000,2025-10-03T23:03:29.206600Z
11179036,buy,298.30000000,1.00080000,2025-10-03T23:03:29.206600Z
11179035,buy,1.70000000,1.00080000,2025-10-03T23:03:28.231136Z
11179034,buy,1186.70000000,1.00080000,2025-10-03T23:03:22.133833Z
11179033,buy,7.33000000,1.00080000,2025-10-03T23:03:21.145600Z
11179032,buy,296.70000000,1.00080000,2025-10-03T23:03:14.104736Z
11179031,buy,300.00000000,1.00080000,2025-10-03T23:03:14.104736Z
11179030,sell,227.96000000,1.00090000,2025-10-03T23:01:40.269532Z
11179029,sell,30.00000000,1.00080000,2025-10-03T23:00:28.702368Z
11179028,sell,10.38000000,1.00080000,2025-10-03T23:00:28.702368Z
11179027,sell,730.83000000,1.00080000,2025-10-03T23:00:28.702368Z
11179026,buy,38.17000000,1.00070000,2025-10-03T22:56:27.747495Z
11179025,buy,75043.37000000,1.00070000,2025-10-03T22:37:47.046693Z
11179024,buy,300.00000000,1.00070000,2025-10-03T22:37:47.046693Z
11179023,buy,134.90000000,1.00070000,2025-10-03T22:27:40.253760Z
11179022,sell,45.00000000,1.00080000,2025-10-03T22:25:11.610121Z
11179021,sell,45.00000000,1.00080000,2025-10-03T22:25:11.375944Z
11179020,sell,45.00000000,1.00080000,2025-10-03T22:25:11.303932Z
11179019,sell,45.00000000,1.00080000,2025-10-03T22:25:10.920972Z
11179018,sell,45.00000000,1.00080000,2025-10-03T22:25:10.624197Z
11179017,sell,45.00000000,1.00080000,2025-10-03T22:25:10.565494Z
11179016,sell,45.00000000,1.00080000,2025-10-03T22:25:10.187464Z
11179015,sell,45.00000000,1.00080000,2025-10-03T22:25:10.083683Z
11179014,sell,45.00000000,1.00080000,2025-10-03T22:25:09.830819Z
11179013,sell,45.00000000,1.00080000,2025-10-03T22:25:09.605415Z
11179012,sell,45.00000000,1.00080000,2025-10-03T22:25:09.600375Z
11179011,sell,45.00000000,1.00080000,2025-10-03T22:25:09.351616Z
11179010,sell,45.00000000,1.00080000,2025-10-03T22:25:09.035791Z
11179009,sell,45.00000000,1.00080000,2025-10-03T22:25:09.026106Z
11179008,sell,45.00000000,1.00080000,2025-10-03T22:25:08.773778Z
11179007,sell,45.00000000,1.00080000,2025-10-03T22:25:08.759765Z
11179006,sell,45.00000000,1.00080000,2025-10-03T22:25:08.507051Z
11179005,sell,45.00000000,1.00080000,2025-10-03T22:25:08.497269Z
11179004,buy,4.00000000,1.00070000,2025-10-03T22:23:10.731894Z
11179003,buy,309.00000000,1.00070000,2025-10-03T22:22:38.893843Z
11179002,buy,130.00000000,1.00070000,2025-10-03T22:19:45.717757Z
11179001,sell,45.00000000,1.00080000,2025-10-03T22:11:39.544066Z
11179000,sell,45.00000000,1.00080000,2025-10-03T22:11:39.534876Z
11178999,sell,45.00000000,1.00080000,2025-10-03T22:11:39.300126Z
11178998,sell,45.00000000,1.00080000,2025-10-03T22:11:39.283239Z
11178997,buy,88.24000000,1.00070000,2025-10-03T22:03:49.984504Z
11178996,buy,105.13000000,1.00070000,2025-10-03T22:02:57.431405Z
11178995,buy,266.45000000,1.00070000,2025-10-03T21:54:19.517332Z
11178994,buy,188.51000000,1.00070000,2025-10-03T21:45:10.525721Z
11178993,buy,500.00000000,1.00070000,2025-10-03T21:44:49.643244Z
11178992,sell,24.76000000,1.00080000,2025-10-03T21:41:01.801507Z
11178991,buy,12.06000000,1.00070000,2025-10-03T21:40:34.060884Z
11178990,buy,42447.23000000,1.00070000,2025-10-03T21:34:17.312129Z
11178989,buy,21531.43000000,1.00070000,2025-10-03T21:33:52.064972Z
11178988,buy,28958.57000000,1.00070000,2025-10-03T21:33:52.064972Z
11178987,sell,108.31000000,1.00080000,2025-10-03T21:26:05.442199Z
11178986,sell,2347.36000000,1.00080000,2025-10-03T21:15:04.278426Z
11178985,buy,1498.74000000,1.00080000,2025-10-03T21:13:21.346355Z
11178984,buy,300.00000000,1.00080000,2025-10-03T21:13:21.346355Z
11178983,buy,72240.58000000,1.00070000,2025-10-03T21:13:21.087721Z
11178982,buy,1685.00000000,1.00080000,2025-10-03T21:13:21.087721Z
11178981,buy,80.51000000,1.00080000,2025-10-03T21:13:21.087721Z
11178980,buy,300.00000000,1.00080000,2025-10-03T21:13:21.087721Z
11178979,buy,955.80000000,1.00080000,2025-10-03T21:06:10.466453Z
11178978,buy,45.00000000,1.00080000,2025-10-03T21:04:48.443118Z
11178977,buy,45.00000000,1.00080000,2025-10-03T21:04:48.440878Z
11178976,buy,45.00000000,1.00080000,2025-10-03T21:04:48.225305Z
11178975,buy,45.00000000,1.00080000,2025-10-03T21:04:48.199765Z
11178974,buy,45.00000000,1.00080000,2025-10-03T21:04:45.835671Z
11178973,buy,45.00000000,1.00080000,2025-10-03T21:04:45.827660Z
11178972,buy,45.00000000,1.00080000,2025-10-03T21:04:45.571641Z
11178971,buy,45.00000000,1.00080000,2025-10-03T21:04:45.559334Z
11178970,buy,45.00000000,1.00080000,2025-10-03T21:04:45.316875Z
11178969,buy,45.00000000,1.00080000,2025-10-03T21:04:45.314235Z
11178968,buy,45.00000000,1.00080000,2025-10-03T21:04:45.068951Z
11178967,buy,45.00000000,1.00080000,2025-10-03T21:04:45.066900Z
11178966,buy,45.00000000,1.00080000,2025-10-03T21:03:52.153481Z
11178965,buy,45.00000000,1.00080000,2025-10-03T21:03:52.126362Z
11178964,buy,45.00000000,1.00080000,2025-10-03T21:03:47.760437Z
11178963,buy,45.00000000,1.00080000,2025-10-03T21:03:47.758127Z
11178962,buy,45.00000000,1.00080000,2025-10-03T21:03:36.057737Z
11178961,buy,45.00000000,1.00080000,2025-10-03T21:03:36.023412Z
11178960,buy,6000.00000000,1.00080000,2025-10-03T21:03:14.553751Z
11178959,buy,6000.00000000,1.00080000,2025-10-03T21:02:24.600471Z
11178958,sell,45.00000000,1.00090000,2025-10-03T21:00:48.217994Z
11178957,sell,45.00000000,1.00090000,2025-10-03T21:00:48.207979Z
11178956,sell,45.00000000,1.00090000,2025-10-03T21:00:48.010405Z
11178955,sell,45.00000000,1.00090000,2025-10-03T21:00:47.956347Z
11178954,sell,45.00000000,1.00090000,2025-10-03T21:00:47.716851Z
11178953,sell,45.00000000,1.00090000,2025-10-03T21:00:45.018167Z
11178952,sell,45.00000000,1.00090000,2025-10-03T21:00:44.772809Z
11178951,sell,45.00000000,1.00090000,2025-10-03T21:00:44.524381Z
11178950,sell,45.00000000,1.00090000,2025-10-03T21:00:44.504661Z
11178949,sell,45.00000000,1.00090000,2025-10-03T21:00:44.257044Z
11178948,sell,45.00000000,1.00090000,2025-10-03T21:00:44.251562Z
11178947,sell,45.00000000,1.00090000,2025-10-03T21:00:44.022195Z
11178946,sell,45.00000000,1.00090000,2025-10-03T21:00:44.016914Z
11178945,sell,45.00000000,1.00090000,2025-10-03T21:00:41.154872Z
11178944,sell,45.00000000,1.00090000,2025-10-03T21:00:41.146035Z
11178943,sell,45.00000000,1.00090000,2025-10-03T21:00:40.906778Z
11178942,sell,45.00000000,1.00090000,2025-10-03T21:00:40.906614Z
11178941,sell,45.00000000,1.00090000,2025-10-03T21:00:40.667049Z
11178940,sell,45.00000000,1.00090000,2025-10-03T21:00:40.661686Z
11178939,sell,45.00000000,1.00090000,2025-10-03T21:00:37.881767Z
11178938,sell,45.00000000,1.00090000,2025-10-03T21:00:37.869254Z
11178937,sell,45.00000000,1.00090000,2025-10-03T21:00:37.579395Z
11178936,sell,45.00000000,1.00090000,2025-10-03T21:00:37.357009Z
11178935,sell,45.00000000,1.00090000,2025-10-03T21:00:36.845193Z
11178934,sell,45.00000000,1.00090000,2025-10-03T21:00:36.830120Z
11178933,sell,45.00000000,1.00090000,2025-10-03T21:00:36.546065Z
11178932,sell,45.00000000,1.00090000,2025-10-03T21:00:36.538565Z
11178931,sell,45.00000000,1.00090000,2025-10-03T21:00:36.212508Z
11178930,sell,45.00000000,1.00090000,2025-10-03T21:00:35.936154Z
11178929,sell,45.00000000,1.00090000,2025-10-03T21:00:35.912803Z
11178928,sell,45.00000000,1.00090000,2025-10-03T21:00:35.651243Z
11178927,sell,45.00000000,1.00090000,2025-10-03T21:00:35.639326Z
11178926,buy,296.81000000,1.00080000,2025-10-03T21:00:02.834151Z
11178925,buy,302.41000000,1.00080000,2025-10-03T20:58:51.409589Z
11178924,buy,1171.11000000,1.00080000,2025-10-03T20:58:25.292565Z
11178923,buy,15.69000000,1.00080000,2025-10-03T20:58:24.183574Z
11178922,buy,1185.69000000,1.00080000,2025-10-03T20:58:17.314183Z
11178921,buy,1198.23000000,1.00080000,2025-10-03T20:58:10.117951Z
11178920,buy,1176.57000000,1.00080000,2025-10-03T20:56:38.266098Z
11178919,buy,9.87000000,1.00080000,2025-10-03T20:56:37.031054Z
11178918,buy,1192.97000000,1.00080000,2025-10-03T20:56:35.067966Z
11178917,buy,1.20000000,1.00080000,2025-10-03T20:56:33.949545Z
11178916,buy,1191.11000000,1.00080000,2025-10-03T20:56:28.381098Z
11178915,buy,1.71000000,1.00080000,2025-10-03T20:56:27.527522Z
11178914,buy,1175.89000000,1.00080000,2025-10-03T20:56:21.097102Z
11178913,buy,8.40000000,1.00080000,2025-10-03T20:56:18.778609Z
11178912,buy,8.54000000,1.00080000,2025-10-03T20:56:17.887002Z
11178911,buy,6000.00000000,1.00080000,2025-10-03T20:56:12.496926Z
11178910,buy,1179.22000000,1.00080000,2025-10-03T20:56:11.232714Z
11178909,buy,7.77000000,1.00080000,2025-10-03T20:56:10.287047Z
11178908,buy,1196.05000000,1.00080000,2025-10-03T20:56:05.312439Z
11178907,buy,1184.01000000,1.00080000,2025-10-03T20:53:12.037807Z
11178906,buy,9.45000000,1.00080000,2025-10-03T20:53:11.121726Z
11178905,buy,1188.93000000,1.00080000,2025-10-03T20:53:05.995512Z
11178904,buy,5.38000000,1.00080000,2025-10-03T20:53:04.930338Z
11178903,buy,1180.23000000,1.00080000,2025-10-03T20:52:58.567384Z
11178902,buy,4000.00000000,1.00080000,2025-10-03T20:51:12.308232Z
11178901,buy,8.37000000,1.00080000,2025-10-03T20:51:06.498636Z
11178900,buy,9.71000000,1.00080000,2025-10-03T20:50:59.522149Z
11178899,buy,285.54000000,1.00080000,2025-10-03T20:50:52.494973Z
11178898,buy,602.54000000,1.00080000,2025-10-03T20:50:51.515653Z
11178897,buy,296.37000000,1.00080000,2025-10-03T20:50:50.494192Z
11178896,buy,9.02000000,1.00080000,2025-10-03T20:50:49.572126Z
11178895,buy,293.94000000,1.00080000,2025-10-03T20:50:46.537328Z
11178894,buy,598.91000000,1.00080000,2025-10-03T20:50:45.465702Z
11178893,buy,6000.00000000,1.00080000,2025-10-03T20:50:44.621934Z
11178892,buy,290.37000000,1.00080000,2025-10-03T20:50:39.495825Z
11178891,buy,9.27000000,1.00080000,2025-10-03T20:50:38.650055Z
11178890,buy,1189.08000000,1.00080000,2025-10-03T20:50:36.481297Z
11178889,buy,2.50000000,1.00080000,2025-10-03T20:50:35.478270Z
11178888,buy,1183.54000000,1.00080000,2025-10-03T20:50:33.470415Z
11178887,buy,8.66000000,1.00080000,2025-10-03T20:50:32.472457Z
11178886,buy,289.64000000,1.00080000,2025-10-03T20:50:27.489878Z
11178885,buy,300.53000000,1.00080000,2025-10-03T20:50:26.469664Z
11178884,buy,590.63000000,1.00080000,2025-10-03T20:50:25.516090Z
11178883,buy,8.85000000,1.00080000,2025-10-03T20:50:24.467842Z
11178882,buy,68.65000000,1.00080000,2025-10-03T20:50:18.449431Z
11178881,buy,517.82000000,1.00080000,2025-10-03T20:50:17.474515Z
11178880,buy,592.15000000,1.00080000,2025-10-03T20:50:01.536861Z
11178879,buy,8.16000000,1.00080000,2025-10-03T20:50:00.498436Z
11178878,buy,30.01000000,1.00080000,2025-10-03T20:49:58.459391Z
11178877,buy,1165.14000000,1.00080000,2025-10-03T20:49:54.569069Z
11178876,buy,17.25000000,1.00080000,2025-10-03T20:49:52.472918Z
11178875,buy,6.66000000,1.00080000,2025-10-03T20:49:51.485078Z
11178874,buy,10.71000000,1.00080000,2025-10-03T20:49:48.498189Z
11178873,buy,11.50000000,1.00080000,2025-10-03T20:49:47.504020Z
11178872,buy,1142.33000000,1.00080000,2025-10-03T20:49:44.161006Z
11178871,buy,22.83000000,1.00080000,2025-10-03T20:49:43.116996Z
11178870,buy,25.13000000,1.00080000,2025-10-03T20:49:38.203238Z
11178869,buy,1164.91000000,1.00080000,2025-10-03T20:49:33.192912Z
11178868,buy,10.84000000,1.00080000,2025-10-03T20:49:30.198146Z
11178867,buy,6.31000000,1.00080000,2025-10-03T20:49:29.113735Z
11178866,buy,9.00000000,1.00080000,2025-10-03T20:49:28.106225Z
11178865,buy,6000.00000000,1.00080000,2025-10-03T20:49:26.759799Z
11178864,buy,21.06000000,1.00080000,2025-10-03T20:49:26.101891Z
11178863,buy,18.91000000,1.00080000,2025-10-03T20:49:22.148052Z
11178862,buy,1174.48000000,1.00080000,2025-10-03T20:49:18.147143Z
11178861,buy,5.70000000,1.00080000,2025-10-03T20:49:12.932581Z
11178860,buy,7.86000000,1.00080000,2025-10-03T20:49:12.162905Z
11178859,buy,6.59000000,1.00080000,2025-10-03T20:49:11.150469Z
11178858,buy,1171.60000000,1.00080000,2025-10-03T20:49:05.119226Z
11178857,buy,11.06000000,1.00080000,2025-10-03T20:49:04.116937Z
11178856,buy,1184.07000000,1.00080000,2025-10-03T20:49:02.162813Z
11178855,buy,6.05000000,1.00080000,2025-10-03T20:49:01.138072Z
11178854,buy,916.45000000,1.00080000,2025-10-03T20:48:55.129578Z
11178853,buy,266.05000000,1.00080000,2025-10-03T20:48:22.216378Z
11178852,buy,7.49000000,1.00080000,2025-10-03T20:48:21.200932Z
11178851,buy,1187.00000000,1.00080000,2025-10-03T20:48:16.164325Z
11178850,buy,7.99000000,1.00080000,2025-10-03T20:48:15.167348Z
11178849,buy,1181.43000000,1.00080000,2025-10-03T20:48:13.155043Z
11178848,buy,4.44000000,1.00080000,2025-10-03T20:48:12.139334Z
11178847,buy,1182.92000000,1.00080000,2025-10-03T20:48:10.186678Z
11178846,buy,9.01000000,1.00080000,2025-10-03T20:48:09.246916Z
11178845,buy,895.94000000,1.00080000,2025-10-03T20:48:01.630692Z
11178844,buy,6000.00000000,1.00080000,2025-10-03T20:48:00.721388Z
11178843,buy,2.71000000,1.00080000,2025-10-03T20:47:21.647602Z
11178842,buy,288.08000000,1.00080000,2025-10-03T20:47:20.650054Z
11178841,buy,2.01000000,1.00080000,2025-10-03T20:47:19.558963Z
11178840,buy,71.64000000,1.00080000,2025-10-03T20:47:14.592234Z
11178839,buy,603.38000000,1.00080000,2025-10-03T20:47:13.504916Z
11178838,buy,510.57000000,1.00080000,2025-10-03T20:47:05.566549Z
11178837,buy,386.24000000,1.00080000,2025-10-03T20:47:01.627172Z
11178836,buy,294.99000000,1.00080000,2025-10-03T20:47:00.607852Z
11178835,buy,501.37000000,1.00080000,2025-10-03T20:46:59.572719Z
11178834,buy,4.68000000,1.00080000,2025-10-03T20:46:58.266615Z
11178833,buy,315.25000000,1.00080000,2025-10-03T20:46:55.297575Z
11178832,buy,77.33000000,1.00080000,2025-10-03T20:46:50.470958Z
11178831,buy,598.96000000,1.00080000,2025-10-03T20:46:49.255969Z
11178830,buy,497.87000000,1.00080000,2025-10-03T20:46:48.216362Z
11178829,buy,1588.77000000,1.00080000,2025-10-03T20:46:43.354952Z
11178828,buy,6749.43000000,1.00080000,2025-10-03T20:46:42.843409Z
11178827,buy,7.95000000,1.00080000,2025-10-03T20:46:42.294212Z
11178826,buy,4.24000000,1.00080000,2025-10-03T20:46:41.281993Z
11178825,buy,450.55000000,1.00080000,2025-10-03T20:46:36.135064Z
11178824,buy,430.31000000,1.00080000,2025-10-03T20:46:35.204457Z
11178823,buy,96.36000000,1.00080000,2025-10-03T20:46:30.936934Z
11178822,buy,602.13000000,1.00080000,2025-10-03T20:46:30.005291Z
11178821,buy,185.58000000,1.00080000,2025-10-03T20:46:28.903431Z
11178820,buy,311.46000000,1.00080000,2025-10-03T20:46:27.928500Z
11178819,buy,886.07000000,1.00080000,2025-10-03T20:46:22.979266Z
11178818,sell,1.33000000,1.00080000,2025-10-03T20:44:18.357196Z
11178817,sell,30.88000000,1.00080000,2025-10-03T20:44:18.357196Z
11178816,sell,45.00000000,1.00080000,2025-10-03T20:44:18.108916Z
11178815,sell,45.00000000,1.00080000,2025-10-03T20:44:18.094634Z
11178814,sell,45.00000000,1.00080000,2025-10-03T20:44:17.834659Z
11178813,sell,45.00000000,1.00080000,2025-10-03T20:44:17.324014Z
11178812,sell,45.00000000,1.00080000,2025-10-03T20:44:17.319986Z
11178811,sell,44.12000000,1.00080000,2025-10-03T20:44:17.096245Z
11178810,sell,0.88000000,1.00080000,2025-10-03T20:44:17.096245Z
11178809,sell,45.00000000,1.00080000,2025-10-03T20:44:17.085214Z
11178808,sell,45.00000000,1.00080000,2025-10-03T20:44:16.849695Z
11178807,sell,45.00000000,1.00080000,2025-10-03T20:44:16.375559Z
11178806,sell,45.00000000,1.00080000,2025-10-03T20:44:16.363275Z
11178805,sell,45.00000000,1.00080000,2025-10-03T20:44:15.828274Z
11178804,sell,45.00000000,1.00080000,2025-10-03T20:44:15.821535Z
11178803,sell,45.00000000,1.00080000,2025-10-03T20:44:15.583846Z
11178802,sell,45.00000000,1.00080000,2025-10-03T20:44:15.349126Z
11178801,sell,45.00000000,1.00080000,2025-10-03T20:44:15.013523Z
11178800,sell,45.00000000,1.00080000,2025-10-03T20:44:14.518601Z
11178799,sell,45.00000000,1.00080000,2025-10-03T20:44:14.249741Z
11178798,sell,45.00000000,1.00080000,2025-10-03T20:44:14.012390Z
11178797,sell,45.00000000,1.00080000,2025-10-03T20:44:13.998868Z
11178796,sell,45.00000000,1.00080000,2025-10-03T20:44:13.740709Z
11178795,sell,45.00000000,1.00080000,2025-10-03T20:44:13.734593Z
11178794,sell,45.00000000,1.00080000,2025-10-03T20:44:13.485628Z
11178793,sell,45.00000000,1.00080000,2025-10-03T20:44:13.454076Z
11178792,sell,45.00000000,1.00080000,2025-10-03T20:44:13.174435Z
11178791,sell,45.00000000,1.00080000,2025-10-03T20:44:13.169983Z
11178790,buy,6318.65000000,1.00070000,2025-10-03T20:40:17.853988Z
11178789,buy,999.14000000,1.00070000,2025-10-03T20:35:45.346425Z
11178788,buy,0.98000000,1.00070000,2025-10-03T20:35:08.230695Z
11178787,sell,499.59000000,1.00080000,2025-10-03T20:27:38.061243Z
11178786,buy,0.75000000,1.00080000,2025-10-03T20:15:38.332664Z
11178785,buy,299.25000000,1.00080000,2025-10-03T20:15:37.334507Z
11178784,buy,10.40000000,1.00080000,2025-10-03T20:15:34.319255Z
11178783,buy,289.60000000,1.00080000,2025-10-03T20:15:30.294913Z
11178782,buy,897.66000000,1.00080000,2025-10-03T20:15:27.455128Z
11178781,sell,87.80000000,1.00090000,2025-10-03T20:13:11.745986Z
11178780,buy,300.00000000,1.00080000,2025-10-03T20:13:05.071360Z
11178779,buy,300.00000000,1.00080000,2025-10-03T20:12:32.100635Z
11178778,buy,298.58000000,1.00080000,2025-10-03T20:12:27.321946Z
11178777,buy,1.42000000,1.00080000,2025-10-03T20:12:26.317877Z
11178776,buy,1189.32000000,1.00080000,2025-10-03T20:12:19.213103Z
11178775,buy,3.53000000,1.00080000,2025-10-03T20:12:18.231264Z
11178774,buy,1184.05000000,1.00080000,2025-10-03T20:12:15.295220Z
11178773,buy,4.76000000,1.00080000,2025-10-03T20:12:14.210535Z
11178772,buy,1185.28000000,1.00080000,2025-10-03T20:12:12.361508Z
11178771,buy,6.17000000,1.00080000,2025-10-03T20:12:11.250271Z
11178770,buy,1182.11000000,1.00080000,2025-10-03T20:12:06.238502Z
11178769,buy,8.35000000,1.00080000,2025-10-03T20:12:05.205348Z
11178768,buy,1184.80000000,1.00080000,2025-10-03T20:11:59.951673Z
11178767,buy,6000.00000000,1.00080000,2025-10-03T20:11:55.926637Z
11178766,buy,376.83000000,1.00080000,2025-10-03T20:10:27.981876Z
11178765,buy,300.00000000,1.00080000,2025-10-03T20:10:27.981876Z
11178764,buy,500.39000000,1.00080000,2025-10-03T20:10:27.981876Z
11178763,buy,5.55000000,1.00080000,2025-10-03T20:10:25.679188Z
11178762,buy,9.96000000,1.00080000,2025-10-03T20:10:25.009797Z
11178761,buy,483.10000000,1.00080000,2025-10-03T20:10:18.757489Z
11178760,buy,697.58000000,1.00080000,2025-10-03T20:10:18.757489Z
11178759,buy,5.69000000,1.00080000,2025-10-03T20:10:17.775989Z
11178758,buy,601.73000000,1.00080000,2025-10-03T20:10:12.199808Z
11178757,buy,10.38000000,1.00080000,2025-10-03T20:10:12.199808Z
11178756,buy,6000.00000000,1.00080000,2025-10-03T20:03:54.348204Z
11178755,buy,6000.00000000,1.00080000,2025-10-03T20:02:45.498283Z
11178754,buy,6000.00000000,1.00080000,2025-10-03T20:01:46.304786Z
11178753,sell,45.00000000,1.00090000,2025-10-03T20:01:22.567251Z
11178752,sell,45.00000000,1.00090000,2025-10-03T20:01:22.557902Z
11178751,sell,45.00000000,1.00090000,2025-10-03T20:01:22.318942Z
11178750,sell,45.00000000,1.00090000,2025-10-03T20:01:22.302539Z
11178749,sell,45.00000000,1.00090000,2025-10-03T20:01:22.058910Z
11178748,buy,45.00000000,1.00080000,2025-10-03T20:01:15.433942Z
11178747,buy,45.00000000,1.00080000,2025-10-03T20:01:15.403441Z
11178746,buy,45.00000000,1.00080000,2025-10-03T20:01:15.151196Z
11178745,buy,45.00000000,1.00080000,2025-10-03T20:01:15.150872Z
11178744,buy,45.00000000,1.00080000,2025-10-03T20:01:14.898571Z
11178743,buy,45.00000000,1.00080000,2025-10-03T20:01:14.897218Z
11178742,buy,45.00000000,1.00080000,2025-10-03T20:01:14.643338Z
11178741,buy,45.00000000,1.00080000,2025-10-03T20:01:14.636643Z
11178740,sell,45.00000000,1.00090000,2025-10-03T20:01:14.390627Z
11178739,sell,45.00000000,1.00090000,2025-10-03T20:01:14.386897Z
11178738,sell,45.00000000,1.00090000,2025-10-03T20:01:14.160332Z
11178737,sell,45.00000000,1.00090000,2025-10-03T20:01:14.143715Z
11178736,sell,45.00000000,1.00090000,2025-10-03T20:01:13.876087Z
11178735,sell,45.00000000,1.00090000,2025-10-03T20:01:13.873903Z
11178734,sell,45.00000000,1.00090000,2025-10-03T20:01:13.603771Z
11178733,sell,45.00000000,1.00090000,2025-10-03T20:01:13.592317Z
11178732,sell,45.00000000,1.00090000,2025-10-03T20:01:12.988973Z
11178731,sell,45.00000000,1.00090000,2025-10-03T20:01:12.972078Z
11178730,sell,45.00000000,1.00090000,2025-10-03T20:01:12.692015Z
11178729,sell,45.00000000,1.00090000,2025-10-03T20:01:12.687580Z
11178728,buy,45.00000000,1.00080000,2025-10-03T20:00:58.644845Z
11178727,buy,45.00000000,1.00080000,2025-10-03T20:00:58.389524Z
11178726,buy,45.00000000,1.00080000,2025-10-03T20:00:58.383607Z
11178725,buy,45.00000000,1.00080000,2025-10-03T20:00:58.134716Z
11178724,buy,45.00000000,1.00080000,2025-10-03T20:00:58.060669Z
11178723,buy,45.00000000,1.00080000,2025-10-03T20:00:57.759281Z
11178722,buy,45.00000000,1.00080000,2025-10-03T20:00:57.745485Z
11178721,buy,45.00000000,1.00080000,2025-10-03T20:00:55.557452Z
11178720,buy,45.00000000,1.00080000,2025-10-03T20:00:55.548599Z
11178719,buy,45.00000000,1.00080000,2025-10-03T20:00:55.316016Z
11178718,buy,45.00000000,1.00080000,2025-10-03T20:00:55.260524Z
11178717,buy,45.00000000,1.00080000,2025-10-03T20:00:55.020017Z
11178716,buy,45.00000000,1.00080000,2025-10-03T20:00:54.988129Z
11178715,buy,45.00000000,1.00080000,2025-10-03T20:00:54.761672Z
11178714,buy,45.00000000,1.00080000,2025-10-03T20:00:54.753247Z
11178713,buy,45.00000000,1.00080000,2025-10-03T20:00:54.540496Z
11178712,buy,45.00000000,1.00080000,2025-10-03T20:00:54.521181Z
11178711,buy,45.00000000,1.00080000,2025-10-03T20:00:54.309438Z
11178710,buy,45.00000000,1.00080000,2025-10-03T20:00:54.283553Z
11178709,buy,567.33000000,1.00080000,2025-10-03T19:59:27.123033Z
11178708,buy,8.09000000,1.00080000,2025-10-03T19:59:26.080566Z
11178707,buy,317.22000000,1.00080000,2025-10-03T19:59:20.052763Z
11178706,buy,598.32000000,1.00080000,2025-10-03T19:59:19.087208Z
11178705,sell,45.00000000,1.00090000,2025-10-03T19:59:13.041653Z
11178704,sell,45.00000000,1.00090000,2025-10-03T19:59:13.039670Z
11178703,sell,45.00000000,1.00090000,2025-10-03T19:59:12.780707Z
11178702,sell,45.00000000,1.00090000,2025-10-03T19:59:12.777041Z
11178701,sell,45.00000000,1.00090000,2025-10-03T19:59:12.543767Z
11178700,sell,45.00000000,1.00090000,2025-10-03T19:59:12.279164Z
11178699,sell,45.00000000,1.00090000,2025-10-03T19:59:12.047652Z
11178698,sell,45.00000000,1.00090000,2025-10-03T19:59:11.795486Z
11178697,sell,45.00000000,1.00090000,2025-10-03T19:59:11.759015Z
11178696,sell,45.00000000,1.00090000,2025-10-03T19:59:11.509963Z
11178695,sell,45.00000000,1.00090000,2025-10-03T19:59:11.502050Z
11178694,sell,45.00000000,1.00090000,2025-10-03T19:59:11.283848Z
11178693,sell,45.00000000,1.00090000,2025-10-03T19:59:11.276030Z
11178692,sell,45.00000000,1.00090000,2025-10-03T19:59:11.034788Z
11178691,sell,45.00000000,1.00090000,2025-10-03T19:59:11.014639Z
11178690,sell,45.00000000,1.00090000,2025-10-03T19:59:10.787004Z
11178689,sell,45.00000000,1.00090000,2025-10-03T19:59:10.555518Z
11178688,sell,45.00000000,1.00090000,2025-10-03T19:59:10.533290Z
11178687,sell,45.00000000,1.00090000,2025-10-03T19:59:10.289815Z
11178686,sell,45.00000000,1.00090000,2025-10-03T19:59:09.482510Z
11178685,sell,45.00000000,1.00090000,2025-10-03T19:59:09.474531Z
11178684,sell,45.00000000,1.00090000,2025-10-03T19:59:09.199311Z
11178683,sell,45.00000000,1.00090000,2025-10-03T19:59:09.180136Z
11178682,buy,592.71000000,1.00080000,2025-10-03T19:59:09.058761Z
11178681,sell,45.00000000,1.00090000,2025-10-03T19:59:08.938216Z
11178680,sell,45.00000000,1.00090000,2025-10-03T19:59:08.932115Z
11178679,sell,45.00000000,1.00090000,2025-10-03T19:59:08.682954Z
11178678,sell,45.00000000,1.00090000,2025-10-03T19:59:08.458155Z
11178677,sell,45.00000000,1.00090000,2025-10-03T19:59:08.180488Z
11178676,sell,45.00000000,1.00090000,2025-10-03T19:59:08.167960Z
11178675,buy,5.16000000,1.00080000,2025-10-03T19:59:08.089058Z
11178674,sell,45.00000000,1.00090000,2025-10-03T19:59:07.934082Z
11178673,sell,45.00000000,1.00090000,2025-10-03T19:59:07.671869Z
11178672,sell,45.00000000,1.00090000,2025-10-03T19:59:07.664440Z
11178671,sell,45.00000000,1.00090000,2025-10-03T19:59:07.430315Z
11178670,sell,45.00000000,1.00090000,2025-10-03T19:59:07.198931Z
11178669,sell,45.00000000,1.00090000,2025-10-03T19:59:07.192085Z
11178668,sell,45.00000000,1.00090000,2025-10-03T19:59:06.877227Z
11178667,sell,45.00000000,1.00090000,2025-10-03T19:59:06.866584Z
11178666,sell,45.00000000,1.00090000,2025-10-03T19:59:06.621077Z
11178665,sell,45.00000000,1.00090000,2025-10-03T19:59:06.618930Z
11178664,sell,45.00000000,1.00090000,2025-10-03T19:59:06.383237Z
11178663,sell,45.00000000,1.00090000,2025-10-03T19:59:06.103360Z
11178662,sell,45.00000000,1.00090000,2025-10-03T19:59:06.095728Z
11178661,sell,45.00000000,1.00090000,2025-10-03T19:59:05.596694Z
11178660,sell,45.00000000,1.00090000,2025-10-03T19:59:05.151954Z
11178659,sell,45.00000000,1.00090000,2025-10-03T19:59:05.126461Z
11178658,sell,45.00000000,1.00090000,2025-10-03T19:59:04.896934Z
11178657,sell,45.00000000,1.00090000,2025-10-03T19:59:04.893952Z
11178656,sell,45.00000000,1.00090000,2025-10-03T19:59:04.645355Z
11178655,sell,45.00000000,1.00090000,2025-10-03T19:59:04.094026Z
11178654,sell,45.00000000,1.00090000,2025-10-03T19:59:03.818073Z
11178653,sell,45.00000000,1.00090000,2025-10-03T19:59:03.574378Z
11178652,sell,45.00000000,1.00090000,2025-10-03T19:59:03.560682Z
11178651,sell,45.00000000,1.00090000,2025-10-03T19:59:03.284963Z
11178650,buy,319.74000000,1.00080000,2025-10-03T19:59:03.068840Z
11178649,sell,45.00000000,1.00090000,2025-10-03T19:59:03.024041Z
11178648,sell,45.00000000,1.00090000,2025-10-03T19:59:03.004842Z
11178647,sell,45.00000000,1.00090000,2025-10-03T19:59:02.796490Z
11178646,sell,45.00000000,1.00090000,2025-10-03T19:59:02.523305Z
11178645,sell,45.00000000,1.00090000,2025-10-03T19:59:02.511683Z
11178644,sell,45.00000000,1.00090000,2025-10-03T19:59:02.242603Z
11178643,sell,45.00000000,1.00090000,2025-10-03T19:59:01.958732Z
11178642,sell,45.00000000,1.00090000,2025-10-03T19:59:01.948131Z
11178641,sell,45.00000000,1.00090000,2025-10-03T19:59:01.687092Z
11178640,sell,45.00000000,1.00090000,2025-10-03T19:59:01.429942Z
11178639,sell,45.00000000,1.00090000,2025-10-03T19:59:01.160810Z
11178638,sell,45.00000000,1.00090000,2025-10-03T19:59:00.892377Z
11178637,sell,45.00000000,1.00090000,2025-10-03T19:59:00.588885Z
11178636,sell,45.00000000,1.00090000,2025-10-03T19:59:00.361283Z
11178635,sell,45.00000000,1.00090000,2025-10-03T19:59:00.352530Z
11178634,sell,45.00000000,1.00090000,2025-10-03T19:59:00.046353Z
11178633,sell,45.00000000,1.00090000,2025-10-03T19:58:59.788182Z
11178632,sell,45.00000000,1.00090000,2025-10-03T19:58:59.778453Z
11178631,sell,45.00000000,1.00090000,2025-10-03T19:58:59.522561Z
11178630,sell,45.00000000,1.00090000,2025-10-03T19:58:59.513670Z
11178629,sell,45.00000000,1.00090000,2025-10-03T19:58:59.304077Z
11178628,sell,45.00000000,1.00090000,2025-10-03T19:58:59.011099Z
11178627,sell,45.00000000,1.00090000,2025-10-03T19:58:58.993783Z
11178626,sell,45.00000000,1.00090000,2025-10-03T19:58:58.513620Z
11178625,sell,45.00000000,1.00090000,2025-10-03T19:58:58.508855Z
11178624,sell,45.00000000,1.00090000,2025-10-03T19:58:58.283274Z
11178623,sell,45.00000000,1.00090000,2025-10-03T19:58:58.269528Z
11178622,sell,3.73000000,1.00080000,2025-10-03T19:58:57.719435Z
11178621,sell,30.00000000,1.00080000,2025-10-03T19:58:57.719435Z
11178620,sell,45.00000000,1.00080000,2025-10-03T19:58:57.222167Z
11178619,sell,45.00000000,1.00080000,2025-10-03T19:58:56.724590Z
11178618,sell,45.00000000,1.00080000,2025-10-03T19:58:56.720935Z
11178617,sell,45.00000000,1.00080000,2025-10-03T19:58:56.495833Z
11178616,sell,45.00000000,1.00080000,2025-10-03T19:58:56.244177Z
11178615,sell,45.00000000,1.00080000,2025-10-03T19:58:56.236751Z
11178614,buy,298.01000000,1.00080000,2025-10-03T19:57:14.101123Z
11178613,buy,573.52000000,1.00080000,2025-10-03T19:57:13.174639Z
11178612,buy,5.20000000,1.00080000,2025-10-03T19:57:12.057890Z
11178611,buy,1187.91000000,1.00080000,2025-10-03T19:57:06.131269Z
11178610,buy,2.81000000,1.00080000,2025-10-03T19:57:04.999535Z
11178609,buy,1198.73000000,1.00080000,2025-10-03T19:56:59.099063Z
11178608,buy,0.74000000,1.00070000,2025-10-03T19:56:51.152719Z
11178607,sell,3.89000000,1.00080000,2025-10-03T19:56:24.122138Z
11178606,sell,3.79000000,1.00080000,2025-10-03T19:56:22.136497Z
11178605,sell,3.85000000,1.00080000,2025-10-03T19:56:20.088701Z
11178604,buy,45.00000000,1.00080000,2025-10-03T19:56:19.110188Z
11178603,sell,4.17000000,1.00080000,2025-10-03T19:56:18.064392Z
11178602,sell,5034.92000000,1.00090000,2025-10-03T19:56:16.885410Z
11178601,sell,3.42000000,1.00080000,2025-10-03T19:56:16.014160Z
11178600,sell,3.47000000,1.00080000,2025-10-03T19:56:14.069485Z
11178599,sell,4.00000000,1.00080000,2025-10-03T19:56:12.261154Z
11178598,buy,41.08000000,1.00080000,2025-10-03T19:56:12.186835Z
11178597,sell,3.92000000,1.00080000,2025-10-03T19:56:12.020210Z
11178596,sell,3.97000000,1.00080000,2025-10-03T19:56:10.074003Z
11178595,buy,45.00000000,1.00080000,2025-10-03T19:56:07.835935Z
11178594,buy,45.00000000,1.00080000,2025-10-03T19:56:07.835935Z
11178593,buy,40.81000000,1.00080000,2025-10-03T19:56:07.835935Z
11178592,sell,4.19000000,1.00080000,2025-10-03T19:56:07.408632Z
11178591,sell,3.93000000,1.00080000,2025-10-03T19:56:05.586439Z
11178590,sell,4.36000000,1.00080000,2025-10-03T19:56:02.655318Z
11178589,sell,4.22000000,1.00080000,2025-10-03T19:56:00.934261Z
11178588,sell,4.55000000,1.00080000,2025-10-03T19:55:57.812024Z
11178587,sell,4.61000000,1.00080000,2025-10-03T19:55:56.153162Z
11178586,buy,45.00000000,1.00080000,2025-10-03T19:55:56.065946Z
11178585,buy,40.39000000,1.00080000,2025-10-03T19:55:56.065946Z
11178584,sell,4.61000000,1.00080000,2025-10-03T19:55:55.889838Z
11178583,sell,5.12000000,1.00080000,2025-10-03T19:55:53.757154Z
11178582,sell,5.25000000,1.00080000,2025-10-03T19:55:51.798293Z
11178581,sell,4.77000000,1.00080000,2025-10-03T19:55:49.733939Z
11178580,sell,5.50000000,1.00080000,2025-10-03T19:55:47.744539Z
11178579,buy,45.00000000,1.00080000,2025-10-03T19:55:46.953004Z
11178578,buy,45.00000000,1.00080000,2025-10-03T19:55:46.953004Z
11178577,buy,39.39000000,1.00080000,2025-10-03T19:55:46.953004Z
11178576,sell,5.61000000,1.00080000,2025-10-03T19:55:46.258557Z
11178575,sell,5.44000000,1.00080000,2025-10-03T19:55:44.393611Z
11178574,sell,5.56000000,1.00080000,2025-10-03T19:55:42.507460Z
11178573,sell,5.06000000,1.00080000,2025-10-03T19:55:40.571549Z
11178572,sell,5.28000000,1.00080000,2025-10-03T19:55:38.564057Z
11178571,sell,5.38000000,1.00080000,2025-10-03T19:55:36.582898Z
11178570,sell,5.59000000,1.00080000,2025-10-03T19:55:34.465322Z
11178569,sell,45.00000000,1.00080000,2025-10-03T19:55:34.231775Z
11178568,sell,45.00000000,1.00080000,2025-10-03T19:55:33.993898Z
11178567,sell,45.00000000,1.00080000,2025-10-03T19:55:33.718749Z
11178566,sell,45.00000000,1.00080000,2025-10-03T19:55:33.444646Z
11178565,sell,45.00000000,1.00080000,2025-10-03T19:55:33.137362Z
11178564,sell,39.25000000,1.00080000,2025-10-03T19:55:33.130214Z
11178563,sell,5.75000000,1.00080000,2025-10-03T19:55:33.130214Z
11178562,buy,45.00000000,1.00080000,2025-10-03T19:55:31.876399Z
11178561,buy,45.00000000,1.00080000,2025-10-03T19:55:31.876399Z
11178560,sell,6.50000000,1.00080000,2025-10-03T19:55:30.828956Z
11178559,sell,6.69000000,1.00080000,2025-10-03T19:55:28.733771Z
11178558,sell,6.74000000,1.00080000,2025-10-03T19:55:26.737352Z
11178557,sell,45.00000000,1.00080000,2025-10-03T19:55:26.529237Z
11178556,sell,45.00000000,1.00080000,2025-10-03T19:55:26.497229Z
11178555,sell,45.00000000,1.00080000,2025-10-03T19:55:26.226675Z
11178554,sell,45.00000000,1.00080000,2025-10-03T19:55:26.221128Z
11178553,sell,37.95000000,1.00080000,2025-10-03T19:55:25.956458Z
11178552,sell,7.05000000,1.00080000,2025-10-03T19:55:25.956458Z
11178551,sell,7.44000000,1.00080000,2025-10-03T19:55:24.047475Z
11178550,sell,2.20000000,1.00080000,2025-10-03T19:55:24.047475Z
11178549,sell,45.00000000,1.00080000,2025-10-03T19:55:24.033392Z
11178548,sell,45.00000000,1.00080000,2025-10-03T19:55:23.767771Z
11178547,sell,45.00000000,1.00080000,2025-10-03T19:55:23.751907Z
11178546,sell,45.00000000,1.00080000,2025-10-03T19:55:23.422680Z
11178545,sell,45.00000000,1.00080000,2025-10-03T19:55:23.407850Z
11178544,sell,45.00000000,1.00080000,2025-10-03T19:55:22.929405Z
11178543,sell,27.80000000,1.00080000,2025-10-03T19:55:22.925350Z
11178542,sell,6.82000000,1.00080000,2025-10-03T19:55:22.925350Z
11178541,sell,10.38000000,1.00080000,2025-10-03T19:55:22.925350Z
11178540,buy,0.98000000,1.00070000,2025-10-03T19:54:40.731693Z
11178539,sell,11.36000000,1.00080000,2025-10-03T19:53:39.682616Z
11178538,sell,5.19000000,1.00080000,2025-10-03T19:53:39.419454Z
11178537,sell,39.81000000,1.00080000,2025-10-03T19:53:39.419454Z
11178536,sell,45.00000000,1.00080000,2025-10-03T19:53:39.412013Z
11178535,sell,45.00000000,1.00080000,2025-10-03T19:53:38.878878Z
11178534,sell,45.00000000,1.00080000,2025-10-03T19:53:38.871019Z
11178533,sell,45.00000000,1.00080000,2025-10-03T19:53:38.638826Z
11178532,sell,45.00000000,1.00080000,2025-10-03T19:53:37.734230Z
11178531,sell,35.19000000,1.00080000,2025-10-03T19:53:37.726209Z
11178530,sell,9.81000000,1.00080000,2025-10-03T19:53:37.726209Z
11178529,buy,583.22000000,1.00080000,2025-10-03T19:53:31.149519Z
11178528,buy,600.34000000,1.00080000,2025-10-03T19:53:31.149519Z
11178527,sell,10.85000000,1.00080000,2025-10-03T19:53:29.349605Z
11178526,sell,300.00000000,1.00080000,2025-10-03T19:53:29.349605Z
11178525,sell,78.00000000,1.00080000,2025-10-03T19:53:29.349605Z
11178524,sell,1000.00000000,1.00080000,2025-10-03T19:51:01.089571Z
11178523,sell,45.00000000,1.00080000,2025-10-03T19:49:09.945808Z
11178522,sell,45.00000000,1.00080000,2025-10-03T19:49:09.864761Z
11178521,sell,45.00000000,1.00080000,2025-10-03T19:48:46.840632Z
11178520,sell,45.00000000,1.00080000,2025-10-03T19:48:46.807952Z
11178519,sell,45.00000000,1.00080000,2025-10-03T19:48:46.570641Z
11178518,sell,45.00000000,1.00080000,2025-10-03T19:48:46.545023Z
11178517,sell,45.00000000,1.00080000,2025-10-03T19:48:17.037595Z
11178516,sell,45.00000000,1.00080000,2025-10-03T19:48:16.749742Z
11178515,sell,45.00000000,1.00080000,2025-10-03T19:48:16.670544Z
11178514,sell,45.00000000,1.00080000,2025-10-03T19:48:16.415279Z
11178513,sell,45.00000000,1.00080000,2025-10-03T19:48:16.144171Z
11178512,sell,45.00000000,1.00080000,2025-10-03T19:48:16.135910Z
11178511,sell,45.00000000,1.00080000,2025-10-03T19:48:15.876552Z
11178510,sell,45.00000000,1.00080000,2025-10-03T19:48:15.863567Z
11178509,sell,45.00000000,1.00080000,2025-10-03T19:48:15.585255Z
11178508,sell,45.00000000,1.00080000,2025-10-03T19:48:15.083307Z
11178507,sell,45.00000000,1.00080000,2025-10-03T19:48:15.080335Z
11178506,sell,45.00000000,1.00080000,2025-10-03T19:48:14.809115Z
11178505,sell,45.00000000,1.00080000,2025-10-03T19:48:14.808771Z
11178504,sell,45.00000000,1.00080000,2025-10-03T19:48:14.046991Z
11178503,sell,45.00000000,1.00080000,2025-10-03T19:48:13.733535Z
11178502,sell,45.00000000,1.00080000,2025-10-03T19:48:13.729242Z
11178501,sell,45.00000000,1.00080000,2025-10-03T19:48:13.468989Z
11178500,sell,45.00000000,1.00080000,2025-10-03T19:48:13.086326Z
11178499,sell,45.00000000,1.00080000,2025-10-03T19:48:12.805377Z
11178498,sell,45.00000000,1.00080000,2025-10-03T19:48:12.801811Z
11178497,sell,45.00000000,1.00080000,2025-10-03T19:48:12.541279Z
11178496,sell,45.00000000,1.00080000,2025-10-03T19:48:12.529465Z
11178495,sell,45.00000000,1.00080000,2025-10-03T19:48:12.256822Z
11178494,sell,45.00000000,1.00080000,2025-10-03T19:48:10.701846Z
11178493,sell,45.00000000,1.00080000,2025-10-03T19:48:10.395355Z
11178492,sell,45.00000000,1.00080000,2025-10-03T19:48:10.385153Z
11178491,sell,45.00000000,1.00080000,2025-10-03T19:48:10.141964Z
11178490,sell,45.00000000,1.00080000,2025-10-03T19:48:09.885940Z
11178489,sell,45.00000000,1.00080000,2025-10-03T19:48:09.626702Z
11178488,sell,45.00000000,1.00080000,2025-10-03T19:48:09.348148Z
11178487,sell,45.00000000,1.00080000,2025-10-03T19:48:09.312297Z
11178486,sell,45.00000000,1.00080000,2025-10-03T19:48:08.984888Z
11178485,sell,45.00000000,1.00080000,2025-10-03T19:48:08.977562Z
11178484,buy,15.96000000,1.00080000,2025-10-03T19:46:06.803780Z
11178483,buy,1190.83000000,1.00080000,2025-10-03T19:46:03.840493Z
11178482,buy,1176.21000000,1.00080000,2025-10-03T19:46:01.876097Z
11178481,buy,1.23000000,1.00080000,2025-10-03T19:46:01.876097Z
11178480,buy,9.15000000,1.00080000,2025-10-03T19:46:00.975892Z
11178479,buy,1179.42000000,1.00080000,2025-10-03T19:45:56.806790Z
11178478,buy,6.87000000,1.00080000,2025-10-03T19:45:55.812648Z
11178477,buy,1180.23000000,1.00080000,2025-10-03T19:45:53.886542Z
11178476,buy,7.20000000,1.00080000,2025-10-03T19:45:52.959645Z
11178475,buy,1173.38000000,1.00080000,2025-10-03T19:45:44.380213Z
11178474,buy,7.72000000,1.00080000,2025-10-03T19:45:43.412742Z
11178473,buy,1188.86000000,1.00080000,2025-10-03T19:45:41.312001Z
11178472,buy,212.58000000,1.00080000,2025-10-03T19:45:35.138708Z
11178471,buy,963.53000000,1.00080000,2025-10-03T19:45:34.219662Z
11178470,buy,8.96000000,1.00080000,2025-10-03T19:45:33.289710Z
11178469,buy,236.74000000,1.00080000,2025-10-03T19:45:31.289739Z
11178468,buy,1174.93000000,1.00080000,2025-10-03T19:45:27.040253Z
11178467,buy,2.72000000,1.00080000,2025-10-03T19:45:26.138471Z
11178466,buy,1179.30000000,1.00080000,2025-10-03T19:45:22.799203Z
11178465,buy,45.00000000,1.00080000,2025-10-03T19:45:20.096015Z
11178464,buy,45.00000000,1.00080000,2025-10-03T19:45:20.095428Z
11178463,buy,2.70000000,1.00080000,2025-10-03T19:45:19.714426Z
11178462,buy,8.73000000,1.00080000,2025-10-03T19:45:18.830186Z
11178461,buy,1170.42000000,1.00080000,2025-10-03T19:45:12.740027Z
11178460,buy,9.57000000,1.00080000,2025-10-03T19:45:11.727995Z
11178459,buy,1180.05000000,1.00080000,2025-10-03T19:45:09.747933Z
11178458,buy,11.07000000,1.00080000,2025-10-03T19:45:08.794921Z
11178457,buy,45.00000000,1.00080000,2025-10-03T19:45:08.597112Z
11178456,buy,1168.69000000,1.00080000,2025-10-03T19:45:02.670385Z
11178455,buy,10.04000000,1.00080000,2025-10-03T19:44:59.599202Z
11178454,buy,2.75000000,1.00080000,2025-10-03T19:44:55.329366Z
11178453,buy,7.46000000,1.00080000,2025-10-03T19:44:54.686715Z
11178452,buy,1183.95000000,1.00080000,2025-10-03T19:44:51.528537Z
11178451,buy,6.43000000,1.00080000,2025-10-03T19:44:50.535219Z
11178450,buy,1187.41000000,1.00080000,2025-10-03T19:44:45.615436Z
11178449,buy,45.00000000,1.00080000,2025-10-03T19:44:24.069693Z
11178448,buy,45.00000000,1.00080000,2025-10-03T19:44:23.807896Z
11178447,sell,45.00000000,1.00090000,2025-10-03T19:42:29.589229Z
11178446,sell,45.00000000,1.00090000,2025-10-03T19:42:29.363859Z
11178445,sell,15.00000000,1.00090000,2025-10-03T19:42:29.343637Z
11178444,sell,30.00000000,1.00090000,2025-10-03T19:42:29.343637Z
11178443,sell,45.00000000,1.00090000,2025-10-03T19:42:25.840858Z
11178442,sell,45.00000000,1.00090000,2025-10-03T19:42:14.030837Z
11178441,sell,45.00000000,1.00090000,2025-10-03T19:42:13.802843Z
11178440,sell,45.00000000,1.00090000,2025-10-03T19:42:13.802436Z
11178439,sell,45.00000000,1.00090000,2025-10-03T19:42:09.908501Z
11178438,sell,45.00000000,1.00090000,2025-10-03T19:42:09.898125Z
11178437,buy,45.00000000,1.00080000,2025-10-03T19:41:37.878212Z
11178436,buy,45.00000000,1.00080000,2025-10-03T19:41:37.865016Z
11178435,sell,123872.21000000,1.00100000,2025-10-03T19:40:40.617205Z
11178434,sell,300.00000000,1.00090000,2025-10-03T19:40:40.617205Z
11178433,sell,79.69000000,1.00090000,2025-10-03T19:40:40.617205Z
11178432,buy,45.00000000,1.00080000,2025-10-03T19:40:35.338977Z
11178431,buy,45.00000000,1.00080000,2025-10-03T19:40:35.313425Z
11178430,buy,45.00000000,1.00080000,2025-10-03T19:40:35.057777Z
11178429,buy,45.00000000,1.00080000,2025-10-03T19:40:35.056787Z
11178428,buy,45.00000000,1.00080000,2025-10-03T19:40:34.782487Z
11178427,buy,45.00000000,1.00080000,2025-10-03T19:40:34.779523Z
11178426,buy,45.00000000,1.00080000,2025-10-03T19:40:34.527236Z
11178425,buy,45.00000000,1.00080000,2025-10-03T19:40:34.524449Z
11178424,buy,45.00000000,1.00080000,2025-10-03T19:40:34.271282Z
11178423,buy,45.00000000,1.00080000,2025-10-03T19:40:34.256026Z
11178422,buy,45.00000000,1.00080000,2025-10-03T19:40:34.020463Z
11178421,buy,45.00000000,1.00080000,2025-10-03T19:40:33.792320Z
11178420,buy,45.00000000,1.00080000,2025-10-03T19:40:33.493031Z
11178419,buy,45.00000000,1.00080000,2025-10-03T19:40:33.486455Z
11178418,buy,45.00000000,1.00080000,2025-10-03T19:40:33.154658Z
11178417,buy,45.00000000,1.00080000,2025-10-03T19:40:33.148193Z
11178416,buy,45.00000000,1.00080000,2025-10-03T19:40:32.915971Z
11178415,buy,45.00000000,1.00080000,2025-10-03T19:40:32.880759Z
11178414,buy,45.00000000,1.00080000,2025-10-03T19:40:32.626520Z
11178413,buy,45.00000000,1.00080000,2025-10-03T19:40:32.620144Z
11178412,buy,45.00000000,1.00080000,2025-10-03T19:40:32.394039Z
11178411,buy,45.00000000,1.00080000,2025-10-03T19:40:32.351670Z
11178410,buy,45.00000000,1.00080000,2025-10-03T19:40:32.031399Z
11178409,buy,45.00000000,1.00080000,2025-10-03T19:40:32.008627Z
11178408,buy,45.00000000,1.00080000,2025-10-03T19:40:27.382514Z
11178407,buy,45.00000000,1.00080000,2025-10-03T19:40:27.350984Z
11178406,buy,45.00000000,1.00080000,2025-10-03T19:40:27.084425Z
11178405,buy,45.00000000,1.00080000,2025-10-03T19:40:26.837423Z
11178404,buy,45.00000000,1.00080000,2025-10-03T19:40:26.816934Z
11178403,buy,45.00000000,1.00080000,2025-10-03T19:40:26.582423Z
11178402,buy,45.00000000,1.00080000,2025-10-03T19:40:26.345664Z
11178401,buy,45.00000000,1.00080000,2025-10-03T19:40:26.330346Z
11178400,buy,45.00000000,1.00080000,2025-10-03T19:40:26.116416Z
11178399,buy,45.00000000,1.00080000,2025-10-03T19:40:26.111437Z
11178398,buy,45.00000000,1.00080000,2025-10-03T19:40:25.862983Z
11178397,buy,45.00000000,1.00080000,2025-10-03T19:40:25.857153Z
11178396,buy,574.28000000,1.00090000,2025-10-03T19:40:12.451658Z
11178395,buy,597.84000000,1.00090000,2025-10-03T19:40:11.304219Z
11178394,buy,45.00000000,1.00090000,2025-10-03T19:40:03.095211Z
11178393,buy,45.00000000,1.00090000,2025-10-03T19:40:02.989760Z
11178392,buy,45.00000000,1.00090000,2025-10-03T19:40:02.555955Z
11178391,buy,45.00000000,1.00090000,2025-10-03T19:40:02.555585Z
11178390,buy,6.48000000,1.00090000,2025-10-03T19:40:02.447200Z
11178389,buy,45.00000000,1.00090000,2025-10-03T19:40:02.194856Z
11178388,buy,45.00000000,1.00090000,2025-10-03T19:40:02.066435Z
11178387,buy,45.00000000,1.00090000,2025-10-03T19:40:01.613348Z
11178386,buy,45.00000000,1.00090000,2025-10-03T19:40:01.595437Z
11178385,buy,45.00000000,1.00090000,2025-10-03T19:40:01.314303Z
11178384,buy,45.00000000,1.00090000,2025-10-03T19:40:01.299740Z
11178383,buy,45.00000000,1.00090000,2025-10-03T19:40:00.998276Z
11178382,buy,45.00000000,1.00090000,2025-10-03T19:40:00.995940Z
11178381,buy,45.00000000,1.00090000,2025-10-03T19:40:00.676099Z
11178380,buy,45.00000000,1.00090000,2025-10-03T19:40:00.660079Z
11178379,buy,1183.27000000,1.00090000,2025-10-03T19:40:00.248539Z
11178378,buy,45.00000000,1.00090000,2025-10-03T19:39:59.704139Z
11178377,buy,45.00000000,1.00090000,2025-10-03T19:39:59.683035Z
11178376,buy,45.00000000,1.00090000,2025-10-03T19:39:59.459567Z
11178375,buy,45.00000000,1.00090000,2025-10-03T19:39:59.448543Z
11178374,buy,45.00000000,1.00090000,2025-10-03T19:39:59.177670Z
11178373,buy,45.00000000,1.00090000,2025-10-03T19:39:59.171456Z
11178372,buy,5.85000000,1.00090000,2025-10-03T19:39:59.164101Z
11178371,buy,45.00000000,1.00090000,2025-10-03T19:39:58.893551Z
11178370,buy,45.00000000,1.00090000,2025-10-03T19:39:58.892454Z
11178369,buy,45.00000000,1.00090000,2025-10-03T19:39:58.362438Z
11178368,buy,45.00000000,1.00090000,2025-10-03T19:39:58.353173Z
11178367,buy,45.00000000,1.00090000,2025-10-03T19:39:58.096007Z
11178366,buy,45.00000000,1.00090000,2025-10-03T19:39:58.088911Z
11178365,buy,45.00000000,1.00090000,2025-10-03T19:39:57.584881Z
11178364,buy,45.00000000,1.00090000,2025-10-03T19:39:57.581865Z
11178363,buy,45.00000000,1.00090000,2025-10-03T19:39:57.331023Z
11178362,buy,45.00000000,1.00090000,2025-10-03T19:39:57.328113Z
11178361,buy,1183.90000000,1.00090000,2025-10-03T19:39:57.178399Z
11178360,buy,45.00000000,1.00090000,2025-10-03T19:39:56.639525Z
11178359,buy,45.00000000,1.00090000,2025-10-03T19:39:56.614701Z
11178358,buy,45.00000000,1.00090000,2025-10-03T19:39:56.365090Z
11178357,buy,45.00000000,1.00090000,2025-10-03T19:39:55.274756Z
11178356,buy,45.00000000,1.00090000,2025-10-03T19:39:55.213666Z
11178355,buy,45.00000000,1.00090000,2025-10-03T19:39:54.701378Z
11178354,buy,45.00000000,1.00090000,2025-10-03T19:39:54.452534Z
11178353,buy,45.00000000,1.00090000,2025-10-03T19:39:54.433995Z
11178352,buy,45.00000000,1.00090000,2025-10-03T19:39:54.172191Z
11178351,buy,45.00000000,1.00090000,2025-10-03T19:39:54.165415Z
11178350,buy,45.00000000,1.00090000,2025-10-03T19:39:53.926159Z
11178349,buy,45.00000000,1.00090000,2025-10-03T19:39:53.923862Z
11178348,buy,45.00000000,1.00090000,2025-10-03T19:39:53.632807Z
11178347,buy,45.00000000,1.00090000,2025-10-03T19:39:53.615700Z
11178346,buy,7.71000000,1.00090000,2025-10-03T19:39:53.098279Z
11178345,buy,45.00000000,1.00090000,2025-10-03T19:39:53.081580Z
11178344,buy,45.00000000,1.00090000,2025-10-03T19:39:53.038521Z
11178343,buy,45.00000000,1.00090000,2025-10-03T19:39:52.756218Z
11178342,buy,2.54000000,1.00090000,2025-10-03T19:39:52.268097Z
11178341,buy,45.00000000,1.00090000,2025-10-03T19:39:51.935998Z
11178340,buy,45.00000000,1.00090000,2025-10-03T19:39:51.703931Z
11178339,buy,45.00000000,1.00090000,2025-10-03T19:39:51.698342Z
11178338,buy,45.00000000,1.00090000,2025-10-03T19:39:51.472478Z
11178337,buy,45.00000000,1.00090000,2025-10-03T19:39:51.466463Z
11178336,buy,45.00000000,1.00090000,2025-10-03T19:39:51.196136Z
11178335,buy,45.00000000,1.00090000,2025-10-03T19:39:51.191111Z
11178334,buy,45.00000000,1.00090000,2025-10-03T19:39:50.935615Z
11178333,buy,45.00000000,1.00090000,2025-10-03T19:39:50.933621Z
11178332,buy,45.00000000,1.00090000,2025-10-03T19:39:50.703358Z
11178331,buy,45.00000000,1.00090000,2025-10-03T19:39:50.676833Z
11178330,buy,45.00000000,1.00090000,2025-10-03T19:39:50.183205Z
11178329,buy,45.00000000,1.00090000,2025-10-03T19:39:50.176296Z
11178328,buy,45.00000000,1.00090000,2025-10-03T19:39:49.667286Z
11178327,buy,45.00000000,1.00090000,2025-10-03T19:39:49.664416Z
11178326,buy,45.00000000,1.00090000,2025-10-03T19:39:49.392411Z
11178325,buy,45.00000000,1.00090000,2025-10-03T19:39:49.392225Z
11178324,buy,45.00000000,1.00090000,2025-10-03T19:39:49.144823Z
11178323,buy,45.00000000,1.00090000,2025-10-03T19:39:49.143048Z
11178322,buy,45.00000000,1.00090000,2025-10-03T19:39:48.883686Z
11178321,buy,45.00000000,1.00090000,2025-10-03T19:39:48.879386Z
11178320,buy,45.00000000,1.00090000,2025-10-03T19:39:48.610720Z
11178319,buy,45.00000000,1.00090000,2025-10-03T19:39:48.594825Z
11178318,buy,45.00000000,1.00090000,2025-10-03T19:39:48.343039Z
11178317,buy,45.00000000,1.00090000,2025-10-03T19:39:48.336011Z
11178316,buy,45.00000000,1.00090000,2025-10-03T19:39:48.117754Z
11178315,buy,45.00000000,1.00090000,2025-10-03T19:39:48.102314Z
11178314,buy,45.00000000,1.00090000,2025-10-03T19:39:47.856083Z
11178313,buy,45.00000000,1.00090000,2025-10-03T19:39:47.855265Z
11178312,buy,45.00000000,1.00090000,2025-10-03T19:39:47.623857Z
11178311,buy,45.00000000,1.00090000,2025-10-03T19:39:47.603460Z
11178310,buy,1189.64000000,1.00090000,2025-10-03T19:39:47.079425Z
11178309,buy,45.00000000,1.00090000,2025-10-03T19:39:46.247289Z
11178308,buy,45.00000000,1.00090000,2025-10-03T19:39:46.225656Z
11178307,buy,45.00000000,1.00090000,2025-10-03T19:39:45.958589Z
11178306,buy,45.00000000,1.00090000,2025-10-03T19:39:45.954718Z
11178305,buy,45.00000000,1.00090000,2025-10-03T19:39:45.695373Z
11178304,buy,45.00000000,1.00090000,2025-10-03T19:39:45.690717Z
11178303,buy,45.00000000,1.00090000,2025-10-03T19:39:45.420332Z
11178302,buy,45.00000000,1.00090000,2025-10-03T19:39:45.416835Z
11178301,buy,45.00000000,1.00090000,2025-10-03T19:39:45.142139Z
11178300,buy,45.00000000,1.00090000,2025-10-03T19:39:45.140201Z
11178299,buy,45.00000000,1.00090000,2025-10-03T19:39:44.734151Z
11178298,buy,45.00000000,1.00090000,2025-10-03T19:39:44.666779Z
11178297,buy,45.00000000,1.00090000,2025-10-03T19:39:44.358909Z
11178296,buy,45.00000000,1.00090000,2025-10-03T19:39:44.353354Z
11178295,buy,45.00000000,1.00090000,2025-10-03T19:39:44.113769Z
11178294,buy,45.00000000,1.00090000,2025-10-03T19:39:44.108001Z
11178293,buy,45.00000000,1.00090000,2025-10-03T19:39:43.875146Z
11178292,buy,45.00000000,1.00090000,2025-10-03T19:39:43.869347Z
11178291,buy,45.00000000,1.00090000,2025-10-03T19:39:43.597667Z
11178290,buy,45.00000000,1.00090000,2025-10-03T19:39:43.587379Z
11178289,buy,45.00000000,1.00090000,2025-10-03T19:39:43.354135Z
11178288,buy,45.00000000,1.00090000,2025-10-03T19:39:43.331549Z
11178287,buy,45.00000000,1.00090000,2025-10-03T19:39:43.096731Z
11178286,buy,45.00000000,1.00090000,2025-10-03T19:39:43.074284Z
11178285,buy,45.00000000,1.00090000,2025-10-03T19:39:42.816246Z
11178284,buy,45.00000000,1.00090000,2025-10-03T19:39:41.982606Z
11178283,buy,45.00000000,1.00090000,2025-10-03T19:39:41.979796Z
11178282,buy,45.00000000,1.00090000,2025-10-03T19:39:41.676513Z
11178281,buy,45.00000000,1.00090000,2025-10-03T19:39:41.667450Z
11178280,buy,45.00000000,1.00090000,2025-10-03T19:39:41.406694Z
11178279,buy,45.00000000,1.00090000,2025-10-03T19:39:41.387233Z
11178278,buy,45.00000000,1.00090000,2025-10-03T19:39:41.091836Z
11178277,buy,45.00000000,1.00090000,2025-10-03T19:39:41.086804Z
11178276,buy,45.00000000,1.00090000,2025-10-03T19:39:40.834330Z
11178275,buy,45.00000000,1.00090000,2025-10-03T19:39:40.825002Z
11178274,buy,45.00000000,1.00090000,2025-10-03T19:39:40.594586Z
11178273,buy,45.00000000,1.00090000,2025-10-03T19:39:40.566461Z
11178272,buy,45.00000000,1.00090000,2025-10-03T19:39:40.332935Z
11178271,buy,45.00000000,1.00090000,2025-10-03T19:39:40.325580Z
11178270,buy,45.00000000,1.00090000,2025-10-03T19:39:40.077946Z
11178269,buy,45.00000000,1.00090000,2025-10-03T19:39:40.072135Z
11178268,buy,45.00000000,1.00090000,2025-10-03T19:39:39.819898Z
11178267,buy,45.00000000,1.00090000,2025-10-03T19:39:39.808733Z
11178266,buy,45.00000000,1.00090000,2025-10-03T19:39:39.581300Z
11178265,buy,45.00000000,1.00090000,2025-10-03T19:39:39.578757Z
11178264,buy,45.00000000,1.00090000,2025-10-03T19:39:39.283426Z
11178263,buy,45.00000000,1.00090000,2025-10-03T19:39:39.277304Z
11178262,buy,45.00000000,1.00090000,2025-10-03T19:39:35.543056Z
11178261,buy,45.00000000,1.00090000,2025-10-03T19:39:35.540285Z
11178260,buy,45.00000000,1.00090000,2025-10-03T19:39:35.288980Z
11178259,buy,45.00000000,1.00090000,2025-10-03T19:39:35.277406Z
11178258,buy,45.00000000,1.00090000,2025-10-03T19:39:35.024383Z
11178257,buy,45.00000000,1.00090000,2025-10-03T19:39:35.011639Z
11178256,buy,45.00000000,1.00090000,2025-10-03T19:39:34.086877Z
11178255,buy,45.00000000,1.00090000,2025-10-03T19:39:34.079237Z
11178254,buy,298.63000000,1.00090000,2025-10-03T19:39:34.075177Z
11178253,buy,45.00000000,1.00090000,2025-10-03T19:39:33.755586Z
11178252,buy,45.00000000,1.00090000,2025-10-03T19:39:33.730820Z
11178251,buy,45.00000000,1.00090000,2025-10-03T19:39:33.442057Z
11178250,buy,45.00000000,1.00090000,2025-10-03T19:39:33.435544Z
11178249,buy,45.00000000,1.00090000,2025-10-03T19:39:33.177113Z
11178248,buy,598.61000000,1.00090000,2025-10-03T19:39:33.070548Z
11178247,buy,288.31000000,1.00090000,2025-10-03T19:39:32.084417Z
11178246,buy,9.47000000,1.00090000,2025-10-03T19:39:27.022144Z
11178245,buy,10.73000000,1.00090000,2025-10-03T19:39:25.933815Z
11178244,buy,45.00000000,1.00090000,2025-10-03T19:39:23.675596Z
11178243,buy,45.00000000,1.00090000,2025-10-03T19:39:23.650052Z
11178242,buy,45.00000000,1.00090000,2025-10-03T19:39:23.133976Z
11178241,buy,45.00000000,1.00090000,2025-10-03T19:39:23.120641Z
11178240,buy,45.00000000,1.00090000,2025-10-03T19:39:22.809400Z
11178239,buy,45.00000000,1.00090000,2025-10-03T19:39:21.748290Z
11178238,buy,45.00000000,1.00090000,2025-10-03T19:39:21.740033Z
11178237,buy,45.00000000,1.00090000,2025-10-03T19:39:21.373927Z
11178236,buy,45.00000000,1.00090000,2025-10-03T19:39:21.179578Z
11178235,buy,45.00000000,1.00090000,2025-10-03T19:39:21.131740Z
11178234,buy,45.00000000,1.00090000,2025-10-03T19:39:20.854367Z
11178233,buy,45.00000000,1.00090000,2025-10-03T19:39:20.850653Z
11178232,buy,45.00000000,1.00090000,2025-10-03T19:39:20.589701Z
11178231,buy,45.00000000,1.00090000,2025-10-03T19:39:20.324064Z
11178230,buy,45.00000000,1.00090000,2025-10-03T19:39:19.986845Z
11178229,buy,632.92000000,1.00090000,2025-10-03T19:39:19.856551Z
11178228,buy,45.00000000,1.00090000,2025-10-03T19:39:19.716571Z
11178227,buy,45.00000000,1.00090000,2025-10-03T19:39:19.462903Z
11178226,buy,45.00000000,1.00090000,2025-10-03T19:39:19.449776Z
11178225,buy,45.00000000,1.00090000,2025-10-03T19:39:19.176795Z
11178224,buy,45.00000000,1.00090000,2025-10-03T19:39:18.904730Z
11178223,buy,45.00000000,1.00090000,2025-10-03T19:39:18.647930Z
11178222,buy,45.00000000,1.00090000,2025-10-03T19:39:18.632294Z
11178221,buy,45.00000000,1.00090000,2025-10-03T19:39:18.299277Z
11178220,buy,45.00000000,1.00090000,2025-10-03T19:39:18.294985Z
11178219,buy,45.00000000,1.00090000,2025-10-03T19:39:18.011395Z
11178218,buy,45.00000000,1.00090000,2025-10-03T19:39:18.006453Z
11178217,sell,79.68000000,1.00090000,2025-10-03T19:39:17.866274Z
11178216,sell,1498.85000000,1.00090000,2025-10-03T19:39:17.866274Z
11178215,sell,300.00000000,1.00090000,2025-10-03T19:39:17.866274Z
11178214,sell,10.38000000,1.00090000,2025-10-03T19:39:17.866274Z
11178213,sell,2379.00000000,1.00090000,2025-10-03T19:39:17.866274Z
11178212,buy,45.00000000,1.00080000,2025-10-03T19:38:40.189388Z
11178211,buy,45.00000000,1.00080000,2025-10-03T19:38:40.183356Z
11178210,buy,45.00000000,1.00080000,2025-10-03T19:38:39.936407Z
11178209,buy,45.00000000,1.00080000,2025-10-03T19:38:39.909371Z
11178208,buy,45.00000000,1.00080000,2025-10-03T19:38:39.633096Z
11178207,buy,45.00000000,1.00080000,2025-10-03T19:38:39.629540Z
11178206,buy,45.00000000,1.00080000,2025-10-03T19:38:39.284402Z
11178205,buy,45.00000000,1.00080000,2025-10-03T19:38:04.556526Z
11178204,buy,45.00000000,1.00080000,2025-10-03T19:38:04.555435Z
11178203,buy,30.00000000,1.00080000,2025-10-03T19:37:31.117796Z
11178202,buy,45.00000000,1.00080000,2025-10-03T19:37:30.797410Z
11178201,buy,45.00000000,1.00080000,2025-10-03T19:37:30.795214Z
11178200,buy,45.00000000,1.00080000,2025-10-03T19:37:30.198010Z
11178199,buy,45.00000000,1.00080000,2025-10-03T19:37:30.171874Z
11178198,buy,45.00000000,1.00080000,2025-10-03T19:37:29.658443Z
11178197,buy,45.00000000,1.00080000,2025-10-03T19:37:29.638009Z
11178196,buy,45.00000000,1.00080000,2025-10-03T19:35:51.926891Z
11178195,buy,45.00000000,1.00080000,2025-10-03T19:35:51.912340Z
11178194,buy,45.00000000,1.00080000,2025-10-03T19:35:49.266769Z
11178193,buy,45.00000000,1.00080000,2025-10-03T19:35:49.261568Z
11178192,buy,45.00000000,1.00080000,2025-10-03T19:35:45.346538Z
11178191,buy,45.00000000,1.00080000,2025-10-03T19:35:42.465891Z
11178190,buy,45.00000000,1.00080000,2025-10-03T19:35:38.421304Z
11178189,buy,45.00000000,1.00080000,2025-10-03T19:35:37.640120Z
11178188,buy,45.00000000,1.00080000,2025-10-03T19:35:37.633932Z
11178187,buy,45.00000000,1.00080000,2025-10-03T19:35:36.848850Z
11178186,buy,45.00000000,1.00080000,2025-10-03T19:35:36.832837Z
11178185,buy,45.00000000,1.00080000,2025-10-03T19:35:15.805210Z
11178184,buy,45.00000000,1.00080000,2025-10-03T19:35:15.579922Z
11178183,buy,45.00000000,1.00080000,2025-10-03T19:35:15.575914Z
11178182,buy,45.00000000,1.00080000,2025-10-03T19:35:15.323689Z
11178181,buy,45.00000000,1.00080000,2025-10-03T19:35:14.843234Z
11178180,buy,45.00000000,1.00080000,2025-10-03T19:35:14.827671Z
11178179,buy,45.00000000,1.00080000,2025-10-03T19:35:14.425864Z
11178178,buy,45.00000000,1.00080000,2025-10-03T19:35:14.419725Z
11178177,buy,45.00000000,1.00080000,2025-10-03T19:34:57.344596Z
11178176,buy,45.00000000,1.00080000,2025-10-03T19:34:57.064667Z
11178175,buy,45.00000000,1.00080000,2025-10-03T19:34:57.056387Z
11178174,buy,45.00000000,1.00080000,2025-10-03T19:34:56.786490Z
11178173,buy,45.00000000,1.00080000,2025-10-03T19:34:56.780430Z
11178172,buy,45.00000000,1.00080000,2025-10-03T19:34:56.225532Z
11178171,buy,45.00000000,1.00080000,2025-10-03T19:34:56.204818Z
11178170,buy,45.00000000,1.00080000,2025-10-03T19:34:32.960971Z
11178169,buy,45.00000000,1.00080000,2025-10-03T19:34:32.938091Z
11178168,buy,45.00000000,1.00080000,2025-10-03T19:34:32.696458Z
11178167,buy,45.00000000,1.00080000,2025-10-03T19:34:32.673780Z
11178166,buy,45.00000000,1.00080000,2025-10-03T19:34:32.395803Z
11178165,buy,45.00000000,1.00080000,2025-10-03T19:34:32.353058Z
11178164,buy,45.00000000,1.00080000,2025-10-03T19:34:31.844001Z
11178163,buy,45.00000000,1.00080000,2025-10-03T19:34:31.825514Z
11178162,buy,45.00000000,1.00080000,2025-10-03T19:34:31.590272Z
11178161,buy,45.00000000,1.00080000,2025-10-03T19:34:31.295837Z
11178160,buy,45.00000000,1.00080000,2025-10-03T19:34:30.652301Z
11178159,buy,45.00000000,1.00080000,2025-10-03T19:34:30.392347Z
11178158,buy,45.00000000,1.00080000,2025-10-03T19:34:29.838762Z
11178157,buy,45.00000000,1.00080000,2025-10-03T19:34:29.588275Z
11178156,buy,45.00000000,1.00080000,2025-10-03T19:34:29.573398Z
11178155,buy,45.00000000,1.00080000,2025-10-03T19:34:29.321565Z
11178154,buy,45.00000000,1.00080000,2025-10-03T19:34:29.307244Z
11178153,buy,45.00000000,1.00080000,2025-10-03T19:34:29.035213Z
11178152,buy,45.00000000,1.00080000,2025-10-03T19:34:28.736991Z
11178151,buy,45.00000000,1.00080000,2025-10-03T19:34:28.476068Z
11178150,buy,45.00000000,1.00080000,2025-10-03T19:34:28.471295Z
11178149,buy,45.00000000,1.00080000,2025-10-03T19:34:28.214037Z
11178148,buy,45.00000000,1.00080000,2025-10-03T19:34:27.940490Z
11178147,buy,45.00000000,1.00080000,2025-10-03T19:34:27.934836Z
11178146,buy,45.00000000,1.00080000,2025-10-03T19:34:27.441206Z
11178145,buy,45.00000000,1.00080000,2025-10-03T19:34:27.437274Z
11178144,buy,45.00000000,1.00080000,2025-10-03T19:34:24.002747Z
11178143,buy,45.00000000,1.00080000,2025-10-03T19:34:23.995236Z
11178142,buy,45.00000000,1.00080000,2025-10-03T19:34:23.460534Z
11178141,buy,45.00000000,1.00080000,2025-10-03T19:34:23.459552Z
11178140,buy,45.00000000,1.00080000,2025-10-03T19:34:23.137556Z
11178139,buy,45.00000000,1.00080000,2025-10-03T19:34:22.918704Z
11178138,buy,45.00000000,1.00080000,2025-10-03T19:34:22.895865Z
11178137,buy,45.00000000,1.00080000,2025-10-03T19:34:21.659567Z
11178136,buy,45.00000000,1.00080000,2025-10-03T19:34:21.646779Z
11178135,buy,45.00000000,1.00080000,2025-10-03T19:34:20.507572Z
11178134,buy,45.00000000,1.00080000,2025-10-03T19:34:20.505936Z
11178133,buy,45.00000000,1.00080000,2025-10-03T19:34:20.286859Z
11178132,buy,45.00000000,1.00080000,2025-10-03T19:34:20.265904Z
11178131,buy,45.00000000,1.00080000,2025-10-03T19:34:20.054761Z
11178130,buy,45.00000000,1.00080000,2025-10-03T19:34:20.025525Z
11178129,buy,45.00000000,1.00080000,2025-10-03T19:34:19.706248Z
11178128,buy,45.00000000,1.00080000,2025-10-03T19:34:19.699908Z
11178127,buy,45.00000000,1.00080000,2025-10-03T19:34:19.170659Z
11178126,buy,45.00000000,1.00080000,2025-10-03T19:34:19.118256Z
11178125,buy,45.00000000,1.00080000,2025-10-03T19:34:18.892202Z
11178124,buy,45.00000000,1.00080000,2025-10-03T19:34:18.863303Z
11178123,buy,45.00000000,1.00080000,2025-10-03T19:34:18.580637Z
11178122,buy,45.00000000,1.00080000,2025-10-03T19:34:18.002895Z
11178121,buy,45.00000000,1.00080000,2025-10-03T19:34:17.987510Z
11178120,buy,45.00000000,1.00080000,2025-10-03T19:34:17.726431Z
11178119,buy,45.00000000,1.00080000,2025-10-03T19:34:17.707719Z
11178118,buy,45.00000000,1.00080000,2025-10-03T19:34:17.461630Z
11178117,buy,45.00000000,1.00080000,2025-10-03T19:34:17.217325Z
11178116,buy,45.00000000,1.00080000,2025-10-03T19:34:16.651308Z
11178115,buy,45.00000000,1.00080000,2025-10-03T19:34:16.646883Z
11178114,buy,45.00000000,1.00080000,2025-10-03T19:34:16.415955Z
11178113,buy,45.00000000,1.00080000,2025-10-03T19:34:16.389402Z
11178112,buy,45.00000000,1.00080000,2025-10-03T19:34:16.177542Z
11178111,buy,45.00000000,1.00080000,2025-10-03T19:34:16.161979Z
11178110,buy,45.00000000,1.00080000,2025-10-03T19:34:15.871879Z
11178109,buy,45.00000000,1.00080000,2025-10-03T19:34:15.628993Z
11178108,buy,45.00000000,1.00080000,2025-10-03T19:34:15.361130Z
11178107,buy,45.00000000,1.00080000,2025-10-03T19:34:15.088142Z
11178106,buy,45.00000000,1.00080000,2025-10-03T19:34:15.064456Z
11178105,buy,45.00000000,1.00080000,2025-10-03T19:34:14.819912Z
11178104,buy,45.00000000,1.00080000,2025-10-03T19:34:14.788908Z
11178103,buy,45.00000000,1.00080000,2025-10-03T19:34:14.527532Z
11178102,buy,45.00000000,1.00080000,2025-10-03T19:34:14.516284Z
11178101,buy,45.00000000,1.00080000,2025-10-03T19:34:13.994672Z
11178100,buy,45.00000000,1.00080000,2025-10-03T19:34:13.988580Z
11178099,buy,18073.33000000,1.00070000,2025-10-03T19:24:46.952090Z
11178098,buy,1498.74000000,1.00070000,2025-10-03T19:24:46.952090Z
11178097,buy,2073.31000000,1.00070000,2025-10-03T19:24:46.952090Z
11178096,buy,2558.80000000,1.00070000,2025-10-03T19:24:46.952090Z
11178095,buy,45.00000000,1.00070000,2025-10-03T19:18:19.204334Z
11178094,buy,45.00000000,1.00070000,2025-10-03T19:18:18.958404Z
11178093,buy,45.00000000,1.00070000,2025-10-03T19:18:18.945982Z
11178092,buy,45.00000000,1.00070000,2025-10-03T19:18:18.653351Z
11178091,buy,45.00000000,1.00070000,2025-10-03T19:18:18.633947Z
11178090,buy,45.00000000,1.00070000,2025-10-03T19:18:18.401869Z
11178089,buy,45.00000000,1.00070000,2025-10-03T19:18:18.389568Z
11178088,buy,45.00000000,1.00070000,2025-10-03T19:18:14.087228Z
11178087,buy,45.00000000,1.00070000,2025-10-03T19:18:13.833404Z
11178086,buy,45.00000000,1.00070000,2025-10-03T19:18:00.106251Z
11178085,buy,45.00000000,1.00070000,2025-10-03T19:18:00.052145Z
11178084,buy,45.00000000,1.00070000,2025-10-03T19:17:59.780277Z
11178083,buy,45.00000000,1.00070000,2025-10-03T19:17:59.771579Z
11178082,buy,45.00000000,1.00070000,2025-10-03T19:17:59.564021Z
11178081,buy,45.00000000,1.00070000,2025-10-03T19:17:59.503038Z
11178080,buy,45.00000000,1.00070000,2025-10-03T19:17:59.235653Z
11178079,buy,45.00000000,1.00070000,2025-10-03T19:17:59.230440Z
11178078,buy,45.00000000,1.00070000,2025-10-03T19:17:58.992988Z
11178077,buy,45.00000000,1.00070000,2025-10-03T19:17:58.964951Z
11178076,buy,45.00000000,1.00070000,2025-10-03T19:17:58.734847Z
11178075,buy,45.00000000,1.00070000,2025-10-03T19:17:58.716324Z
11178074,buy,45.00000000,1.00070000,2025-10-03T19:17:56.117044Z
11178073,buy,45.00000000,1.00070000,2025-10-03T19:17:56.080675Z
11178072,buy,45.00000000,1.00070000,2025-10-03T19:17:55.791291Z
11178071,buy,45.00000000,1.00070000,2025-10-03T19:17:52.778803Z
11178070,buy,45.00000000,1.00070000,2025-10-03T19:17:52.762458Z
11178069,buy,45.00000000,1.00070000,2025-10-03T19:17:52.451180Z
11178068,buy,45.00000000,1.00070000,2025-10-03T19:17:52.202457Z
11178067,buy,45.00000000,1.00070000,2025-10-03T19:17:52.182566Z
11178066,buy,45.00000000,1.00070000,2025-10-03T19:17:51.930294Z
11178065,buy,45.00000000,1.00070000,2025-10-03T19:17:51.918831Z
11178064,buy,45.00000000,1.00070000,2025-10-03T19:17:51.401001Z
11178063,buy,45.00000000,1.00070000,2025-10-03T19:17:51.170662Z
11178062,buy,45.00000000,1.00070000,2025-10-03T19:17:51.169728Z
11178061,buy,45.00000000,1.00070000,2025-10-03T19:17:50.885200Z
11178060,buy,45.00000000,1.00070000,2025-10-03T19:17:50.867480Z
11178059,buy,45.00000000,1.00070000,2025-10-03T19:17:50.354939Z
11178058,buy,45.00000000,1.00070000,2025-10-03T19:17:50.070159Z
11178057,buy,45.00000000,1.00070000,2025-10-03T19:17:49.854279Z
11178056,buy,45.00000000,1.00070000,2025-10-03T19:17:49.769662Z
11178055,buy,45.00000000,1.00070000,2025-10-03T19:17:49.544931Z
11178054,buy,45.00000000,1.00070000,2025-10-03T19:17:49.507716Z
11178053,buy,45.00000000,1.00070000,2025-10-03T19:17:49.237399Z
11178052,buy,45.00000000,1.00070000,2025-10-03T19:17:49.229749Z
11178051,buy,45.00000000,1.00070000,2025-10-03T19:17:48.938308Z
11178050,buy,45.00000000,1.00070000,2025-10-03T19:17:48.936253Z
11178049,buy,45.00000000,1.00070000,2025-10-03T19:17:46.171056Z
11178048,buy,45.00000000,1.00070000,2025-10-03T19:17:46.169047Z
11178047,buy,45.00000000,1.00070000,2025-10-03T19:17:45.838663Z
11178046,buy,45.00000000,1.00070000,2025-10-03T19:17:45.485750Z
11178045,buy,45.00000000,1.00070000,2025-10-03T19:17:45.478713Z
11178044,buy,45.00000000,1.00070000,2025-10-03T19:17:45.253520Z
11178043,buy,45.00000000,1.00070000,2025-10-03T19:17:45.244013Z
11178042,buy,45.00000000,1.00070000,2025-10-03T19:17:44.831217Z
11178041,buy,45.00000000,1.00070000,2025-10-03T19:17:44.798265Z
11178040,buy,45.00000000,1.00070000,2025-10-03T19:17:44.544034Z
11178039,buy,45.00000000,1.00070000,2025-10-03T19:17:44.274946Z
11178038,buy,45.00000000,1.00070000,2025-10-03T19:17:44.029561Z
11178037,buy,45.00000000,1.00070000,2025-10-03T19:17:44.025878Z
11178036,buy,45.00000000,1.00070000,2025-10-03T19:17:43.770958Z
11178035,buy,45.00000000,1.00070000,2025-10-03T19:17:43.721709Z
11178034,buy,45.00000000,1.00070000,2025-10-03T19:17:43.490152Z
11178033,buy,45.00000000,1.00070000,2025-10-03T19:17:43.466349Z
11178032,buy,45.00000000,1.00070000,2025-10-03T19:17:40.744800Z
11178031,buy,45.00000000,1.00070000,2025-10-03T19:17:40.744734Z
11178030,buy,45.00000000,1.00070000,2025-10-03T19:17:40.490341Z
11178029,buy,45.00000000,1.00070000,2025-10-03T19:17:40.479851Z
11178028,buy,45.00000000,1.00070000,2025-10-03T19:17:40.257920Z
11178027,buy,45.00000000,1.00070000,2025-10-03T19:17:40.239684Z
11178026,buy,45.00000000,1.00070000,2025-10-03T19:17:39.971303Z
11178025,buy,45.00000000,1.00070000,2025-10-03T19:17:39.963523Z
11178024,buy,45.00000000,1.00070000,2025-10-03T19:17:39.723912Z
11178023,buy,45.00000000,1.00070000,2025-10-03T19:17:39.719126Z
11178022,buy,45.00000000,1.00070000,2025-10-03T19:17:39.456276Z
11178021,buy,45.00000000,1.00070000,2025-10-03T19:17:39.451426Z
11178020,buy,45.00000000,1.00070000,2025-10-03T19:17:39.211182Z
11178019,buy,45.00000000,1.00070000,2025-10-03T19:17:39.206613Z
11178018,buy,45.00000000,1.00070000,2025-10-03T19:17:38.985801Z
11178017,buy,45.00000000,1.00070000,2025-10-03T19:17:38.976981Z
11178016,buy,45.00000000,1.00070000,2025-10-03T19:17:38.693262Z
11178015,buy,45.00000000,1.00070000,2025-10-03T19:17:38.692062Z
11178014,buy,45.00000000,1.00070000,2025-10-03T19:17:38.432283Z
11178013,buy,45.00000000,1.00070000,2025-10-03T19:17:38.422987Z
11178012,buy,45.00000000,1.00070000,2025-10-03T19:17:35.853801Z
11178011,buy,45.00000000,1.00070000,2025-10-03T19:17:35.843109Z
11178010,buy,45.00000000,1.00070000,2025-10-03T19:17:35.590655Z
11178009,buy,45.00000000,1.00070000,2025-10-03T19:17:35.343100Z
11178008,buy,45.00000000,1.00070000,2025-10-03T19:17:35.339976Z
11178007,buy,45.00000000,1.00070000,2025-10-03T19:17:35.091090Z
11178006,buy,45.00000000,1.00070000,2025-10-03T19:17:35.080635Z
11178005,buy,45.00000000,1.00070000,2025-10-03T19:17:34.794174Z
11178004,buy,45.00000000,1.00070000,2025-10-03T19:17:34.549835Z
11178003,buy,45.00000000,1.00070000,2025-10-03T19:17:34.057473Z
11178002,buy,45.00000000,1.00070000,2025-10-03T19:17:33.813692Z
11178001,buy,45.00000000,1.00070000,2025-10-03T19:17:33.522831Z
11178000,buy,45.00000000,1.00070000,2025-10-03T19:17:33.506196Z
11177999,buy,45.00000000,1.00070000,2025-10-03T19:17:33.258365Z
11177998,buy,45.00000000,1.00070000,2025-10-03T19:17:33.257006Z
11177997,buy,45.00000000,1.00070000,2025-10-03T19:17:33.019172Z
11177996,buy,45.00000000,1.00070000,2025-10-03T19:17:32.432035Z
11177995,buy,45.00000000,1.00070000,2025-10-03T19:17:32.431773Z
11177994,buy,45.00000000,1.00070000,2025-10-03T19:17:32.203902Z
11177993,buy,45.00000000,1.00070000,2025-10-03T19:17:32.189593Z
11177992,buy,45.00000000,1.00070000,2025-10-03T19:17:31.952018Z
11177991,buy,45.00000000,1.00070000,2025-10-03T19:17:31.932663Z
11177990,buy,45.00000000,1.00070000,2025-10-03T19:17:31.689313Z
11177989,buy,45.00000000,1.00070000,2025-10-03T19:17:31.668889Z
11177988,buy,45.00000000,1.00070000,2025-10-03T19:17:31.337735Z
11177987,buy,45.00000000,1.00070000,2025-10-03T19:17:31.307839Z
11177986,buy,45.00000000,1.00070000,2025-10-03T19:17:31.069400Z
11177985,buy,45.00000000,1.00070000,2025-10-03T19:17:31.048345Z
11177984,buy,45.00000000,1.00070000,2025-10-03T19:17:30.747484Z
11177983,buy,45.00000000,1.00070000,2025-10-03T19:17:30.735429Z
11177982,buy,45.00000000,1.00070000,2025-10-03T19:17:30.547547Z
11177981,buy,45.00000000,1.00070000,2025-10-03T19:17:30.499850Z
11177980,buy,45.00000000,1.00070000,2025-10-03T19:17:29.747469Z
11177979,buy,45.00000000,1.00070000,2025-10-03T19:17:29.454909Z
11177978,buy,45.00000000,1.00070000,2025-10-03T19:17:29.432017Z
11177977,buy,45.00000000,1.00070000,2025-10-03T19:17:28.925220Z
11177976,buy,45.00000000,1.00070000,2025-10-03T19:17:28.919347Z
11177975,buy,45.00000000,1.00070000,2025-10-03T19:17:28.611485Z
11177974,buy,45.00000000,1.00070000,2025-10-03T19:17:28.608258Z
11177973,buy,45.00000000,1.00070000,2025-10-03T19:17:28.352893Z
11177972,buy,45.00000000,1.00070000,2025-10-03T19:17:28.348716Z
11177971,buy,45.00000000,1.00070000,2025-10-03T19:17:28.084342Z
11177970,buy,45.00000000,1.00070000,2025-10-03T19:17:28.081253Z
11177969,buy,45.00000000,1.00070000,2025-10-03T19:17:27.770949Z
11177968,buy,45.00000000,1.00070000,2025-10-03T19:17:27.761641Z
11177967,buy,45.00000000,1.00070000,2025-10-03T19:17:27.465781Z
11177966,buy,45.00000000,1.00070000,2025-10-03T19:17:27.447779Z
11177965,buy,45.00000000,1.00070000,2025-10-03T19:17:27.171667Z
11177964,buy,45.00000000,1.00070000,2025-10-03T19:17:27.164041Z
11177963,buy,45.00000000,1.00070000,2025-10-03T19:17:26.924997Z
11177962,buy,45.00000000,1.00070000,2025-10-03T19:17:26.897350Z
11177961,buy,45.00000000,1.00070000,2025-10-03T19:17:26.648197Z
11177960,buy,45.00000000,1.00070000,2025-10-03T19:17:26.643922Z
11177959,buy,45.00000000,1.00070000,2025-10-03T19:17:26.414468Z
11177958,buy,45.00000000,1.00070000,2025-10-03T19:17:26.397509Z
11177957,buy,45.00000000,1.00070000,2025-10-03T19:17:26.142579Z
11177956,buy,45.00000000,1.00070000,2025-10-03T19:17:26.134154Z
11177955,buy,45.00000000,1.00070000,2025-10-03T19:17:25.591799Z
11177954,buy,45.00000000,1.00070000,2025-10-03T19:17:25.350389Z
11177953,buy,45.00000000,1.00070000,2025-10-03T19:17:25.311766Z
11177952,buy,45.00000000,1.00070000,2025-10-03T19:17:25.079479Z
11177951,buy,45.00000000,1.00070000,2025-10-03T19:17:25.063308Z
11177950,buy,45.00000000,1.00070000,2025-10-03T19:17:23.655560Z
11177949,buy,45.00000000,1.00070000,2025-10-03T19:17:23.647045Z
11177948,buy,45.00000000,1.00070000,2025-10-03T19:17:23.362439Z
11177947,buy,45.00000000,1.00070000,2025-10-03T19:17:23.360903Z
11177946,buy,45.00000000,1.00070000,2025-10-03T19:17:03.586380Z
11177945,buy,45.00000000,1.00070000,2025-10-03T19:17:03.576334Z
11177944,buy,45.00000000,1.00070000,2025-10-03T19:17:03.332556Z
11177943,buy,45.00000000,1.00070000,2025-10-03T19:17:03.328815Z
11177942,buy,45.00000000,1.00070000,2025-10-03T19:17:03.042066Z
11177941,buy,45.00000000,1.00070000,2025-10-03T19:17:03.025723Z
11177940,buy,45.00000000,1.00070000,2025-10-03T19:17:02.471130Z
11177939,buy,45.00000000,1.00070000,2025-10-03T19:17:02.469200Z
11177938,buy,45.00000000,1.00070000,2025-10-03T19:17:02.156357Z
11177937,buy,45.00000000,1.00070000,2025-10-03T19:17:02.138547Z
11177936,buy,45.00000000,1.00070000,2025-10-03T19:17:01.868033Z
11177935,buy,45.00000000,1.00070000,2025-10-03T19:17:01.863699Z
11177934,buy,45.00000000,1.00070000,2025-10-03T19:17:01.612320Z
11177933,buy,45.00000000,1.00070000,2025-10-03T19:17:01.600545Z
11177932,buy,45.00000000,1.00070000,2025-10-03T19:17:01.296733Z
11177931,buy,45.00000000,1.00070000,2025-10-03T19:17:01.288355Z
11177930,buy,45.00000000,1.00070000,2025-10-03T19:17:01.043318Z
11177929,buy,45.00000000,1.00070000,2025-10-03T19:17:01.034229Z
11177928,buy,45.00000000,1.00070000,2025-10-03T19:17:00.766268Z
11177927,buy,45.00000000,1.00070000,2025-10-03T19:17:00.757060Z
11177926,buy,45.00000000,1.00070000,2025-10-03T19:17:00.457539Z
11177925,buy,45.00000000,1.00070000,2025-10-03T19:17:00.446831Z
11177924,buy,45.00000000,1.00070000,2025-10-03T19:17:00.169196Z
11177923,buy,45.00000000,1.00070000,2025-10-03T19:17:00.134891Z
11177922,buy,45.00000000,1.00070000,2025-10-03T19:16:59.828557Z
11177921,buy,45.00000000,1.00070000,2025-10-03T19:16:54.332507Z
11177920,buy,45.00000000,1.00070000,2025-10-03T19:16:54.208682Z
11177919,buy,45.00000000,1.00070000,2025-10-03T19:16:53.880429Z
11177918,buy,45.00000000,1.00070000,2025-10-03T19:16:53.877029Z
11177917,buy,45.00000000,1.00070000,2025-10-03T19:16:53.628246Z
11177916,buy,45.00000000,1.00070000,2025-10-03T19:16:53.438107Z
11177915,buy,45.00000000,1.00070000,2025-10-03T19:16:53.105140Z
11177914,buy,45.00000000,1.00070000,2025-10-03T19:16:53.094063Z
11177913,buy,45.00000000,1.00070000,2025-10-03T19:16:52.812671Z
11177912,buy,45.00000000,1.00070000,2025-10-03T19:16:52.785380Z
11177911,buy,45.00000000,1.00070000,2025-10-03T19:16:45.776967Z
11177910,buy,45.00000000,1.00070000,2025-10-03T19:16:45.769665Z
11177909,buy,45.00000000,1.00070000,2025-10-03T19:16:45.552803Z
11177908,buy,45.00000000,1.00070000,2025-10-03T19:16:45.498807Z
11177907,buy,30.00000000,1.00080000,2025-10-03T19:16:37.577139Z
11177906,buy,45.00000000,1.00080000,2025-10-03T19:16:37.341910Z
11177905,buy,45.00000000,1.00080000,2025-10-03T19:16:37.339393Z
11177904,buy,45.00000000,1.00080000,2025-10-03T19:16:37.036785Z
11177903,buy,45.00000000,1.00080000,2025-10-03T19:16:37.035382Z
11177902,buy,45.00000000,1.00080000,2025-10-03T19:16:36.750063Z
11177901,buy,45.00000000,1.00080000,2025-10-03T19:16:36.730848Z
11177900,buy,30.00000000,1.00080000,2025-10-03T19:16:31.770108Z
11177899,buy,45.00000000,1.00080000,2025-10-03T19:16:31.751312Z
11177898,buy,45.00000000,1.00080000,2025-10-03T19:16:31.408753Z
11177897,buy,45.00000000,1.00080000,2025-10-03T19:16:31.183614Z
11177896,buy,45.00000000,1.00080000,2025-10-03T19:16:30.932694Z
11177895,buy,45.00000000,1.00080000,2025-10-03T19:16:30.632408Z
11177894,buy,45.00000000,1.00080000,2025-10-03T19:16:30.626933Z
11177893,buy,45.00000000,1.00070000,2025-10-03T19:16:26.110539Z
11177892,buy,45.00000000,1.00070000,2025-10-03T19:16:25.843143Z
11177891,buy,45.00000000,1.00070000,2025-10-03T19:16:25.543876Z
11177890,buy,45.00000000,1.00070000,2025-10-03T19:16:25.541701Z
11177889,buy,45.00000000,1.00070000,2025-10-03T19:16:25.298009Z
11177888,buy,45.00000000,1.00070000,2025-10-03T19:16:25.277955Z
11177887,buy,45.00000000,1.00070000,2025-10-03T19:16:25.011011Z
11177886,buy,45.00000000,1.00070000,2025-10-03T19:16:25.010207Z
11177885,buy,45.00000000,1.00070000,2025-10-03T19:16:24.761501Z
11177884,buy,45.00000000,1.00070000,2025-10-03T19:16:24.758800Z
11177883,buy,45.00000000,1.00070000,2025-10-03T19:16:24.419046Z
11177882,buy,45.00000000,1.00070000,2025-10-03T19:16:24.416292Z
11177881,buy,45.00000000,1.00070000,2025-10-03T19:16:24.144602Z
11177880,buy,45.00000000,1.00070000,2025-10-03T19:16:24.135241Z
11177879,buy,45.00000000,1.00070000,2025-10-03T19:16:23.881541Z
11177878,buy,45.00000000,1.00070000,2025-10-03T19:16:23.881245Z
11177877,buy,45.00000000,1.00070000,2025-10-03T19:16:18.071614Z
11177876,buy,45.00000000,1.00070000,2025-10-03T19:16:17.851864Z
11177875,buy,45.00000000,1.00070000,2025-10-03T19:16:17.601190Z
11177874,buy,45.00000000,1.00070000,2025-10-03T19:16:17.595976Z
11177873,buy,30.00000000,1.00080000,2025-10-03T19:16:17.032579Z
11177872,buy,45.00000000,1.00080000,2025-10-03T19:16:16.745181Z
11177871,buy,45.00000000,1.00080000,2025-10-03T19:16:16.731605Z
11177870,buy,45.00000000,1.00080000,2025-10-03T19:16:16.453966Z
11177869,buy,45.00000000,1.00080000,2025-10-03T19:16:16.445043Z
11177868,buy,45.00000000,1.00080000,2025-10-03T19:16:16.204650Z
11177867,buy,45.00000000,1.00080000,2025-10-03T19:16:16.204576Z
11177866,buy,45.00000000,1.00070000,2025-10-03T19:16:15.771759Z
11177865,buy,45.00000000,1.00070000,2025-10-03T19:16:15.761410Z
11177864,buy,45.00000000,1.00070000,2025-10-03T19:16:15.555974Z
11177863,buy,45.00000000,1.00070000,2025-10-03T19:16:15.555451Z
11177862,buy,45.00000000,1.00070000,2025-10-03T19:16:15.241621Z
11177861,buy,45.00000000,1.00070000,2025-10-03T19:16:15.238122Z
11177860,buy,45.00000000,1.00070000,2025-10-03T19:16:14.998338Z
11177859,buy,45.00000000,1.00070000,2025-10-03T19:16:14.997639Z
11177858,buy,45.00000000,1.00070000,2025-10-03T19:16:14.751336Z
11177857,buy,45.00000000,1.00070000,2025-10-03T19:16:14.750966Z
11177856,buy,45.00000000,1.00070000,2025-10-03T19:16:14.501810Z
11177855,buy,45.00000000,1.00070000,2025-10-03T19:16:14.499743Z
11177854,buy,45.00000000,1.00070000,2025-10-03T19:16:14.226366Z
11177853,buy,45.00000000,1.00070000,2025-10-03T19:16:14.222965Z
11177852,buy,45.00000000,1.00070000,2025-10-03T19:16:13.893871Z
11177851,buy,45.00000000,1.00070000,2025-10-03T19:16:13.880142Z
11177850,buy,45.00000000,1.00070000,2025-10-03T19:16:13.636344Z
11177849,buy,45.00000000,1.00070000,2025-10-03T19:16:13.609683Z
11177848,buy,45.00000000,1.00070000,2025-10-03T19:16:13.358066Z
11177847,buy,45.00000000,1.00070000,2025-10-03T19:16:13.353833Z
11177846,buy,30.00000000,1.00080000,2025-10-03T19:16:12.738828Z
11177845,buy,45.00000000,1.00080000,2025-10-03T19:16:12.294641Z
11177844,buy,45.00000000,1.00080000,2025-10-03T19:16:12.286009Z
11177843,buy,45.00000000,1.00080000,2025-10-03T19:16:12.004051Z
11177842,buy,45.00000000,1.00080000,2025-10-03T19:16:11.982540Z
11177841,buy,45.00000000,1.00080000,2025-10-03T19:16:11.706992Z
11177840,buy,45.00000000,1.00080000,2025-10-03T19:16:11.705473Z
11177839,buy,30.00000000,1.00080000,2025-10-03T19:16:08.950271Z
11177838,buy,45.00000000,1.00080000,2025-10-03T19:16:08.948287Z
11177837,buy,45.00000000,1.00080000,2025-10-03T19:16:08.681726Z
11177836,buy,45.00000000,1.00080000,2025-10-03T19:16:07.582833Z
11177835,buy,45.00000000,1.00080000,2025-10-03T19:16:07.580512Z
11177834,buy,45.00000000,1.00080000,2025-10-03T19:16:07.326896Z
11177833,buy,45.00000000,1.00080000,2025-10-03T19:16:07.297786Z
11177832,buy,45.00000000,1.00070000,2025-10-03T19:16:06.800836Z
11177831,buy,45.00000000,1.00070000,2025-10-03T19:16:06.185105Z
11177830,buy,45.00000000,1.00070000,2025-10-03T19:16:06.181363Z
11177829,buy,45.00000000,1.00070000,2025-10-03T19:16:05.880395Z
11177828,buy,45.00000000,1.00070000,2025-10-03T19:16:05.853292Z
11177827,buy,45.00000000,1.00070000,2025-10-03T19:16:05.618249Z
11177826,buy,45.00000000,1.00070000,2025-10-03T19:16:05.609310Z
11177825,buy,45.00000000,1.00070000,2025-10-03T19:16:05.297832Z
11177824,buy,45.00000000,1.00070000,2025-10-03T19:16:05.030907Z
11177823,buy,45.00000000,1.00070000,2025-10-03T19:16:04.757973Z
11177822,buy,30.00000000,1.00080000,2025-10-03T19:16:04.274059Z
11177821,buy,45.00000000,1.00080000,2025-10-03T19:16:04.086708Z
11177820,buy,45.00000000,1.00080000,2025-10-03T19:16:04.084242Z
11177819,buy,45.00000000,1.00080000,2025-10-03T19:16:03.812051Z
11177818,buy,45.00000000,1.00080000,2025-10-03T19:16:03.582787Z
11177817,buy,45.00000000,1.00080000,2025-10-03T19:16:03.263162Z
11177816,buy,45.00000000,1.00080000,2025-10-03T19:16:03.261516Z
11177815,buy,45.00000000,1.00070000,2025-10-03T19:16:02.595529Z
11177814,buy,45.00000000,1.00070000,2025-10-03T19:16:02.283665Z
11177813,buy,45.00000000,1.00070000,2025-10-03T19:16:02.278043Z
11177812,buy,45.00000000,1.00070000,2025-10-03T19:16:01.934108Z
11177811,buy,45.00000000,1.00070000,2025-10-03T19:16:01.900271Z
11177810,buy,45.00000000,1.00070000,2025-10-03T19:16:01.613981Z
11177809,buy,45.00000000,1.00070000,2025-10-03T19:16:01.316106Z
11177808,buy,45.00000000,1.00070000,2025-10-03T19:16:01.309276Z
11177807,buy,45.00000000,1.00070000,2025-10-03T19:16:01.060887Z
11177806,buy,45.00000000,1.00070000,2025-10-03T19:16:01.031268Z
11177805,buy,45.00000000,1.00070000,2025-10-03T19:16:00.538467Z
11177804,buy,45.00000000,1.00070000,2025-10-03T19:16:00.297447Z
11177803,buy,45.00000000,1.00070000,2025-10-03T19:16:00.253822Z
11177802,buy,45.00000000,1.00070000,2025-10-03T19:15:58.741736Z
11177801,buy,45.00000000,1.00070000,2025-10-03T19:15:58.736023Z
11177800,buy,45.00000000,1.00070000,2025-10-03T19:15:58.442769Z
11177799,buy,45.00000000,1.00070000,2025-10-03T19:15:58.440350Z
11177798,buy,45.00000000,1.00070000,2025-10-03T19:15:58.165758Z
11177797,buy,45.00000000,1.00080000,2025-10-03T19:15:13.492201Z
11177796,buy,45.00000000,1.00080000,2025-10-03T19:15:13.480305Z
11177795,buy,45.00000000,1.00080000,2025-10-03T19:15:13.193933Z
11177794,buy,45.00000000,1.00080000,2025-10-03T19:15:13.189824Z
11177793,buy,45.00000000,1.00080000,2025-10-03T19:15:12.930842Z
11177792,buy,45.00000000,1.00080000,2025-10-03T19:15:12.926939Z
11177791,buy,35.62000000,1.00080000,2025-10-03T19:15:12.680403Z
11177790,buy,9.38000000,1.00080000,2025-10-03T19:15:12.680403Z
11177789,buy,45.00000000,1.00080000,2025-10-03T19:15:12.478824Z
11177788,buy,45.00000000,1.00080000,2025-10-03T19:15:12.417659Z
11177787,buy,45.00000000,1.00080000,2025-10-03T19:15:12.121266Z
11177786,buy,45.00000000,1.00080000,2025-10-03T19:15:12.116007Z
11177785,buy,45.00000000,1.00080000,2025-10-03T19:15:11.389371Z
11177784,buy,45.00000000,1.00080000,2025-10-03T19:15:11.386388Z
11177783,buy,20.62000000,1.00080000,2025-10-03T19:15:11.113429Z
11177782,buy,24.38000000,1.00080000,2025-10-03T19:15:11.113429Z
11177781,buy,45.00000000,1.00080000,2025-10-03T19:15:11.102823Z
11177780,buy,45.00000000,1.00080000,2025-10-03T19:15:10.156136Z
11177779,buy,45.00000000,1.00080000,2025-10-03T19:15:10.147042Z
11177778,buy,45.00000000,1.00080000,2025-10-03T19:15:09.581616Z
11177777,buy,45.00000000,1.00080000,2025-10-03T19:15:09.349793Z
11177776,buy,45.00000000,1.00080000,2025-10-03T19:15:09.342787Z
11177775,buy,45.00000000,1.00080000,2025-10-03T19:15:09.082676Z
11177774,buy,45.00000000,1.00080000,2025-10-03T19:15:09.070839Z
11177773,buy,45.00000000,1.00080000,2025-10-03T19:15:08.823625Z
11177772,buy,45.00000000,1.00080000,2025-10-03T19:15:08.822267Z
11177771,buy,45.00000000,1.00080000,2025-10-03T19:15:08.562769Z
11177770,buy,45.00000000,1.00080000,2025-10-03T19:15:08.496307Z
11177769,buy,45.00000000,1.00080000,2025-10-03T19:15:08.199988Z
11177768,buy,45.00000000,1.00080000,2025-10-03T19:15:08.181287Z
11177767,buy,45.00000000,1.00080000,2025-10-03T19:15:08.025480Z
11177766,buy,45.00000000,1.00080000,2025-10-03T19:15:08.010877Z
11177765,buy,45.00000000,1.00080000,2025-10-03T19:15:05.457518Z
11177764,buy,45.00000000,1.00080000,2025-10-03T19:15:05.423812Z
11177763,buy,45.00000000,1.00080000,2025-10-03T19:15:05.157290Z
11177762,buy,45.00000000,1.00080000,2025-10-03T19:15:05.155543Z
11177761,buy,45.00000000,1.00080000,2025-10-03T19:15:04.940682Z
11177760,buy,45.00000000,1.00080000,2025-10-03T19:15:04.925249Z
11177759,buy,45.00000000,1.00080000,2025-10-03T19:15:04.681871Z
11177758,buy,45.00000000,1.00080000,2025-10-03T19:15:04.670703Z
11177757,buy,45.00000000,1.00080000,2025-10-03T19:15:04.419734Z
11177756,buy,45.00000000,1.00080000,2025-10-03T19:15:04.405952Z
11177755,buy,45.00000000,1.00080000,2025-10-03T19:15:04.119237Z
11177754,buy,45.00000000,1.00080000,2025-10-03T19:15:04.093472Z
11177753,buy,45.00000000,1.00080000,2025-10-03T19:15:03.827017Z
11177752,buy,45.00000000,1.00080000,2025-10-03T19:15:03.823556Z
11177751,buy,45.00000000,1.00080000,2025-10-03T19:15:03.459713Z
11177750,buy,45.00000000,1.00080000,2025-10-03T19:15:03.452731Z
11177749,buy,45.00000000,1.00080000,2025-10-03T19:15:01.404838Z
11177748,buy,45.00000000,1.00080000,2025-10-03T19:15:01.397015Z
11177747,buy,45.00000000,1.00080000,2025-10-03T19:15:01.155478Z
11177746,buy,45.00000000,1.00080000,2025-10-03T19:15:01.122095Z
11177745,buy,45.00000000,1.00080000,2025-10-03T19:15:00.862306Z
11177744,buy,45.00000000,1.00080000,2025-10-03T19:15:00.852661Z
11177743,buy,45.00000000,1.00080000,2025-10-03T19:15:00.570355Z
11177742,buy,45.00000000,1.00080000,2025-10-03T19:15:00.570304Z
11177741,buy,45.00000000,1.00080000,2025-10-03T19:15:00.291644Z
11177740,buy,45.00000000,1.00080000,2025-10-03T19:15:00.288745Z
11177739,buy,45.00000000,1.00080000,2025-10-03T19:15:00.066580Z
11177738,buy,40.62000000,1.00080000,2025-10-03T19:15:00.040817Z
11177737,buy,4.38000000,1.00080000,2025-10-03T19:15:00.040817Z
11177736,buy,6.00000000,1.00080000,2025-10-03T19:14:59.523543Z
11177735,buy,39.00000000,1.00080000,2025-10-03T19:14:59.523543Z
11177734,buy,45.00000000,1.00080000,2025-10-03T19:14:58.737470Z
11177733,buy,45.00000000,1.00080000,2025-10-03T19:14:58.164467Z
11177732,buy,45.00000000,1.00080000,2025-10-03T19:14:57.903444Z
11177731,buy,45.00000000,1.00080000,2025-10-03T19:14:57.892291Z
11177730,buy,45.00000000,1.00080000,2025-10-03T19:14:57.669727Z
11177729,buy,45.00000000,1.00080000,2025-10-03T19:14:57.663107Z
11177728,buy,45.00000000,1.00080000,2025-10-03T19:14:57.409096Z
11177727,buy,45.00000000,1.00080000,2025-10-03T19:14:57.403942Z
11177726,buy,5.00000000,1.00080000,2025-10-03T19:14:57.092475Z
11177725,buy,40.00000000,1.00080000,2025-10-03T19:14:57.092475Z
11177724,buy,45.00000000,1.00080000,2025-10-03T19:14:56.851210Z
11177723,buy,45.00000000,1.00080000,2025-10-03T19:14:56.571377Z
11177722,buy,45.00000000,1.00080000,2025-10-03T19:14:56.068112Z
11177721,buy,45.00000000,1.00080000,2025-10-03T19:14:56.065179Z
11177720,buy,45.00000000,1.00080000,2025-10-03T19:14:55.721993Z
11177719,buy,45.00000000,1.00080000,2025-10-03T19:14:55.715027Z
11177718,buy,45.00000000,1.00080000,2025-10-03T19:14:55.161298Z
11177717,buy,45.00000000,1.00080000,2025-10-03T19:14:55.150682Z
11177716,buy,45.00000000,1.00080000,2025-10-03T19:14:54.909778Z
11177715,buy,45.00000000,1.00080000,2025-10-03T19:14:54.809051Z
11177714,buy,45.00000000,1.00080000,2025-10-03T19:14:54.553762Z
11177713,buy,45.00000000,1.00080000,2025-10-03T19:14:54.536285Z
11177712,buy,45.00000000,1.00080000,2025-10-03T19:14:54.294232Z
11177711,buy,45.00000000,1.00080000,2025-10-03T19:14:54.239007Z
11177710,buy,45.00000000,1.00080000,2025-10-03T19:14:54.001696Z
11177709,buy,45.00000000,1.00080000,2025-10-03T19:14:53.939001Z
11177708,buy,45.00000000,1.00080000,2025-10-03T19:14:53.686947Z
11177707,buy,45.00000000,1.00080000,2025-10-03T19:14:53.682324Z
11177706,buy,45.00000000,1.00080000,2025-10-03T19:14:53.425992Z
11177705,buy,45.00000000,1.00080000,2025-10-03T19:14:53.422804Z
11177704,buy,45.00000000,1.00080000,2025-10-03T19:14:53.161458Z
11177703,buy,45.00000000,1.00080000,2025-10-03T19:14:53.111782Z
11177702,buy,45.00000000,1.00080000,2025-10-03T19:14:52.058682Z
11177701,buy,45.00000000,1.00080000,2025-10-03T19:14:52.055514Z
11177700,buy,45.00000000,1.00080000,2025-10-03T19:14:51.764237Z
11177699,buy,45.00000000,1.00080000,2025-10-03T19:14:51.751639Z
11177698,buy,45.00000000,1.00080000,2025-10-03T19:14:51.235580Z
11177697,buy,45.00000000,1.00080000,2025-10-03T19:14:50.721944Z
11177696,buy,4.00000000,1.00080000,2025-10-03T19:14:50.656609Z
11177695,buy,41.00000000,1.00080000,2025-10-03T19:14:50.656609Z
11177694,buy,45.00000000,1.00080000,2025-10-03T19:14:50.411300Z
11177693,buy,45.00000000,1.00080000,2025-10-03T19:14:50.399552Z
11177692,buy,45.00000000,1.00080000,2025-10-03T19:14:50.167455Z
11177691,buy,45.00000000,1.00080000,2025-10-03T19:14:50.153260Z
11177690,buy,45.00000000,1.00080000,2025-10-03T19:14:49.909522Z
11177689,buy,3.00000000,1.00080000,2025-10-03T19:14:49.907888Z
11177688,buy,42.00000000,1.00080000,2025-10-03T19:14:49.907888Z
11177687,buy,45.00000000,1.00080000,2025-10-03T19:14:48.497591Z
11177686,buy,45.00000000,1.00080000,2025-10-03T19:14:48.242156Z
11177685,buy,45.00000000,1.00080000,2025-10-03T19:14:47.998148Z
11177684,buy,45.00000000,1.00080000,2025-10-03T19:14:47.993270Z
11177683,buy,45.00000000,1.00080000,2025-10-03T19:14:47.507881Z
11177682,buy,15.00000000,1.00080000,2025-10-03T19:14:47.264073Z
11177681,buy,30.00000000,1.00080000,2025-10-03T19:14:47.264073Z
11177680,buy,45.00000000,1.00080000,2025-10-03T19:14:47.024336Z
11177679,buy,45.00000000,1.00080000,2025-10-03T19:14:46.881700Z
11177678,buy,45.00000000,1.00080000,2025-10-03T19:14:46.307669Z
11177677,buy,45.00000000,1.00080000,2025-10-03T19:14:46.054570Z
11177676,buy,45.00000000,1.00080000,2025-10-03T19:14:46.050190Z
11177675,buy,45.00000000,1.00080000,2025-10-03T19:14:45.740771Z
11177674,buy,45.00000000,1.00080000,2025-10-03T19:14:45.404840Z
11177673,buy,45.00000000,1.00080000,2025-10-03T19:14:45.397008Z
11177672,buy,45.00000000,1.00080000,2025-10-03T19:14:45.170785Z
11177671,buy,45.00000000,1.00080000,2025-10-03T19:14:45.156054Z
11177670,buy,45.00000000,1.00080000,2025-10-03T19:14:44.561333Z
11177669,buy,45.00000000,1.00080000,2025-10-03T19:14:44.004951Z
11177668,buy,45.00000000,1.00080000,2025-10-03T19:14:43.717985Z
11177667,buy,45.00000000,1.00080000,2025-10-03T19:14:43.705097Z
11177666,buy,45.00000000,1.00080000,2025-10-03T19:14:43.446667Z
11177665,buy,45.00000000,1.00080000,2025-10-03T19:14:43.439445Z
11177664,buy,45.00000000,1.00080000,2025-10-03T19:14:43.160256Z
11177663,buy,45.00000000,1.00080000,2025-10-03T19:14:43.155414Z
11177662,buy,45.00000000,1.00080000,2025-10-03T19:14:42.919691Z
11177661,buy,45.00000000,1.00080000,2025-10-03T19:14:42.918093Z
11177660,buy,45.00000000,1.00080000,2025-10-03T19:14:42.414864Z
11177659,buy,45.00000000,1.00080000,2025-10-03T19:14:42.119525Z
11177658,buy,45.00000000,1.00080000,2025-10-03T19:14:42.110873Z
11177657,buy,45.00000000,1.00080000,2025-10-03T19:14:41.581133Z
11177656,buy,45.00000000,1.00080000,2025-10-03T19:14:13.294268Z
11177655,buy,45.00000000,1.00080000,2025-10-03T19:14:13.270137Z
11177654,buy,45.00000000,1.00080000,2025-10-03T19:14:12.992219Z
11177653,buy,45.00000000,1.00080000,2025-10-03T19:14:12.981094Z
11177652,buy,45.00000000,1.00080000,2025-10-03T19:14:12.470861Z
11177651,buy,45.00000000,1.00080000,2025-10-03T19:14:12.463314Z
11177650,buy,45.00000000,1.00080000,2025-10-03T19:13:22.042916Z
11177649,buy,45.00000000,1.00080000,2025-10-03T19:13:21.758291Z
11177648,buy,45.00000000,1.00080000,2025-10-03T19:13:21.499538Z
11177647,buy,45.00000000,1.00080000,2025-10-03T19:13:21.491518Z
11177646,buy,45.00000000,1.00080000,2025-10-03T19:13:20.971511Z
11177645,buy,45.00000000,1.00080000,2025-10-03T19:13:20.962934Z
11177644,buy,45.00000000,1.00080000,2025-10-03T19:13:20.713333Z
11177643,buy,45.00000000,1.00080000,2025-10-03T19:13:20.464190Z
11177642,buy,45.00000000,1.00080000,2025-10-03T19:13:20.436455Z
11177641,buy,45.00000000,1.00080000,2025-10-03T19:13:20.166718Z
11177640,buy,45.00000000,1.00080000,2025-10-03T19:13:20.160436Z
11177639,buy,45.00000000,1.00080000,2025-10-03T19:13:19.864923Z
11177638,buy,45.00000000,1.00080000,2025-10-03T19:13:19.578756Z
11177637,buy,45.00000000,1.00080000,2025-10-03T19:13:19.570616Z
11177636,buy,45.00000000,1.00080000,2025-10-03T19:13:19.294107Z
11177635,buy,45.00000000,1.00080000,2025-10-03T19:13:19.040940Z
11177634,buy,45.00000000,1.00080000,2025-10-03T19:13:19.036729Z
11177633,buy,45.00000000,1.00080000,2025-10-03T19:13:18.662801Z
11177632,buy,45.00000000,1.00080000,2025-10-03T19:13:18.657907Z
11177631,buy,45.00000000,1.00080000,2025-10-03T19:13:18.407735Z
11177630,buy,45.00000000,1.00080000,2025-10-03T19:13:18.373379Z
11177629,buy,45.00000000,1.00080000,2025-10-03T19:13:17.613695Z
11177628,buy,45.00000000,1.00080000,2025-10-03T19:13:17.580392Z
11177627,buy,45.00000000,1.00080000,2025-10-03T19:13:17.338706Z
11177626,buy,45.00000000,1.00080000,2025-10-03T19:13:17.327106Z
11177625,buy,45.00000000,1.00080000,2025-10-03T19:13:17.065882Z
11177624,buy,45.00000000,1.00080000,2025-10-03T19:13:17.062628Z
11177623,buy,45.00000000,1.00080000,2025-10-03T19:13:16.804273Z
11177622,buy,45.00000000,1.00080000,2025-10-03T19:13:16.766881Z
11177621,buy,45.00000000,1.00080000,2025-10-03T19:13:16.507596Z
11177620,buy,45.00000000,1.00080000,2025-10-03T19:13:16.476165Z
11177619,buy,45.00000000,1.00080000,2025-10-03T19:13:15.976184Z
11177618,buy,45.00000000,1.00080000,2025-10-03T19:13:15.751301Z
11177617,buy,45.00000000,1.00080000,2025-10-03T19:13:15.746401Z
11177616,buy,45.00000000,1.00080000,2025-10-03T19:13:15.502092Z
11177615,buy,45.00000000,1.00080000,2025-10-03T19:13:15.490712Z
11177614,buy,45.00000000,1.00080000,2025-10-03T19:13:15.198217Z
11177613,buy,45.00000000,1.00080000,2025-10-03T19:13:15.187267Z
11177612,buy,45.00000000,1.00080000,2025-10-03T19:13:14.943222Z
11177611,buy,45.00000000,1.00080000,2025-10-03T19:13:14.922370Z
11177610,buy,45.00000000,1.00080000,2025-10-03T19:12:15.080398Z
11177609,buy,45.00000000,1.00080000,2025-10-03T19:12:15.075079Z
11177608,buy,546.60000000,1.00080000,2025-10-03T19:12:09.943232Z
11177607,buy,50.00000000,1.00080000,2025-10-03T19:12:09.632771Z
11177606,buy,45.00000000,1.00080000,2025-10-03T19:11:09.070264Z
11177605,buy,45.00000000,1.00080000,2025-10-03T19:11:09.058205Z
11177604,buy,45.00000000,1.00080000,2025-10-03T19:11:08.829443Z
11177603,buy,45.00000000,1.00080000,2025-10-03T19:11:08.822201Z
11177602,buy,45.00000000,1.00080000,2025-10-03T19:11:08.583443Z
11177601,buy,45.00000000,1.00080000,2025-10-03T19:11:08.579475Z
11177600,buy,45.00000000,1.00080000,2025-10-03T19:11:08.299735Z
11177599,buy,45.00000000,1.00080000,2025-10-03T19:11:08.286769Z
11177598,buy,45.00000000,1.00080000,2025-10-03T19:11:06.987076Z
11177597,buy,45.00000000,1.00080000,2025-10-03T19:11:06.977150Z
11177596,buy,45.00000000,1.00080000,2025-10-03T19:11:06.533115Z
11177595,buy,45.00000000,1.00080000,2025-10-03T19:11:06.523948Z
11177594,buy,45.00000000,1.00080000,2025-10-03T19:11:06.285866Z
11177593,buy,45.00000000,1.00080000,2025-10-03T19:11:06.217836Z
11177592,buy,45.00000000,1.00080000,2025-10-03T19:11:05.971131Z
11177591,buy,45.00000000,1.00080000,2025-10-03T19:11:05.878456Z
11177590,buy,45.00000000,1.00080000,2025-10-03T19:11:05.360321Z
11177589,buy,45.00000000,1.00080000,2025-10-03T19:09:22.190752Z
11177588,buy,45.00000000,1.00080000,2025-10-03T19:09:22.112967Z
11177587,buy,45.00000000,1.00080000,2025-10-03T19:09:21.854559Z
11177586,buy,45.00000000,1.00080000,2025-10-03T19:09:21.849764Z
11177585,buy,45.00000000,1.00080000,2025-10-03T19:09:21.595019Z
11177584,buy,45.00000000,1.00080000,2025-10-03T19:09:21.594056Z
11177583,buy,45.00000000,1.00080000,2025-10-03T19:09:21.373420Z
11177582,buy,45.00000000,1.00080000,2025-10-03T19:09:21.362480Z
11177581,buy,45.00000000,1.00080000,2025-10-03T19:09:21.120731Z
11177580,buy,45.00000000,1.00080000,2025-10-03T19:09:21.115305Z
11177579,buy,298.96000000,1.00080000,2025-10-03T19:09:09.801087Z
11177578,sell,45.00000000,1.00090000,2025-10-03T19:08:57.998718Z
11177577,sell,45.00000000,1.00090000,2025-10-03T19:08:57.721092Z
11177576,sell,45.00000000,1.00090000,2025-10-03T19:08:57.710951Z
11177575,sell,45.00000000,1.00090000,2025-10-03T19:08:57.466784Z
11177574,sell,45.00000000,1.00090000,2025-10-03T19:08:57.181936Z
11177573,sell,45.00000000,1.00090000,2025-10-03T19:08:57.163708Z
11177572,sell,45.00000000,1.00090000,2025-10-03T19:08:56.923120Z
11177571,sell,45.00000000,1.00090000,2025-10-03T19:08:56.662362Z
11177570,sell,45.00000000,1.00090000,2025-10-03T19:08:56.654920Z
11177569,sell,45.00000000,1.00090000,2025-10-03T19:08:56.384721Z
11177568,sell,45.00000000,1.00090000,2025-10-03T19:08:56.376218Z
11177567,sell,45.00000000,1.00090000,2025-10-03T19:08:56.087203Z
11177566,sell,45.00000000,1.00090000,2025-10-03T19:08:55.884393Z
11177565,sell,45.00000000,1.00090000,2025-10-03T19:08:55.822593Z
11177564,sell,45.00000000,1.00090000,2025-10-03T19:08:55.537449Z
11177563,sell,45.00000000,1.00090000,2025-10-03T19:08:55.310280Z
11177562,sell,45.00000000,1.00090000,2025-10-03T19:08:55.285095Z
11177561,sell,45.00000000,1.00090000,2025-10-03T19:08:54.969735Z
11177560,sell,45.00000000,1.00090000,2025-10-03T19:08:54.695412Z
11177559,sell,45.00000000,1.00090000,2025-10-03T19:08:54.388733Z
11177558,sell,45.00000000,1.00090000,2025-10-03T19:08:54.144281Z
11177557,sell,45.00000000,1.00090000,2025-10-03T19:08:54.066204Z
11177556,sell,45.00000000,1.00090000,2025-10-03T19:08:53.783411Z
11177555,sell,45.00000000,1.00090000,2025-10-03T19:08:53.405565Z
11177554,sell,45.00000000,1.00090000,2025-10-03T19:08:53.090551Z
11177553,sell,45.00000000,1.00090000,2025-10-03T19:08:53.083780Z
11177552,sell,45.00000000,1.00090000,2025-10-03T19:08:52.838120Z
11177551,sell,45.00000000,1.00090000,2025-10-03T19:08:52.833292Z
11177550,sell,45.00000000,1.00090000,2025-10-03T19:08:52.575241Z
11177549,sell,45.00000000,1.00090000,2025-10-03T19:08:52.316888Z
11177548,sell,45.00000000,1.00090000,2025-10-03T19:08:52.312494Z
11177547,sell,45.00000000,1.00090000,2025-10-03T19:08:52.046481Z
11177546,sell,45.00000000,1.00090000,2025-10-03T19:08:52.041867Z
11177545,buy,45.00000000,1.00080000,2025-10-03T19:08:49.501755Z
11177544,buy,45.00000000,1.00080000,2025-10-03T19:08:49.500312Z
11177543,buy,45.00000000,1.00080000,2025-10-03T19:08:49.239405Z
11177542,buy,45.00000000,1.00080000,2025-10-03T19:08:48.961237Z
11177541,buy,45.00000000,1.00080000,2025-10-03T19:08:48.943431Z
11177540,buy,45.00000000,1.00080000,2025-10-03T19:08:48.400866Z
11177539,buy,45.00000000,1.00080000,2025-10-03T19:08:48.114229Z
11177538,buy,45.00000000,1.00080000,2025-10-03T19:08:47.843295Z
11177537,buy,45.00000000,1.00080000,2025-10-03T19:08:47.551350Z
11177536,buy,45.00000000,1.00080000,2025-10-03T19:08:47.546761Z
11177535,buy,45.00000000,1.00080000,2025-10-03T19:08:47.267855Z
11177534,buy,45.00000000,1.00080000,2025-10-03T19:08:47.252968Z
